3050 4800
505 361 723 436 12778
1137 377 1533 430 nncansus
1584 378 2017 432 ιιυιτιοκυκ

509 517 794 600 recogniti
821 517 1048 602 pridem
1071 530 1136 580 et
1157 519 1457 581 emendati
1481 519 1561 582 ad
1585 521 1736 584 Mss-
1778 520 1979 584 Oodd.
2028 519 2411 584 Fnldensium
2444 521 2710 605 Mogune-

507 618 822 678 tinensium
847 627 911 678 et
937 615 1378 678 coloniensium
1404 617 1585 678 fidem
1624 620 1692 696 (a
1719 617 2043 680 Francisoo
2086 619 2327 700 Medio)
2368 641 2527 682 nunc
2564 641 2709 686 ven

507 715 691 774 etiam
733 714 814 774 ad
853 716 1228 775 membranas
1276 714 1675 776 Bibliotheca}
1716 714 2023 777 Palatinae
2070 716 2425 780 Electoralis
2466 739 2509 780 a
2548 719 2712 782 Jano

509 809 787 872 Grutero.
873 811 1200 872 Accedunt
1239 813 1301 872 in
1343 811 1599 872 eundem
1644 811 1877 873 Livium
1920 814 2383 888 observationes,
2428 815 2709 878 emenda-

501 912 718 981 tiones,
747 911 1160 970 annotationes
1183 909 1436 990 denique
1457 909 1639 969 varim
1663 911 1959 972 variorum
1983 911 2161 974 Laut.
2164 911 2412 985 ‘Vallae,
2435 912 2529 974 M.
2548 912 2709 974 Ant.

509 1005 823 1078 Sabellici,
847 1006 1025 1066 Beat.
1055 1005 1362 1077 Rhenani,
1393 1005 1631 1086 Sigism.
1660 1007 1924 1081 Gelenii,
1953 1008 2149 1070 Henr.
2177 1008 2363 1071 Lorit.
2380 1009 2710 1084 alamani,

499 1103 716 1166 Caroli
761 1101 1018 1182 Sigonii,
1068 1102 1240 1163 Guil.
1286 1103 1665 1177 Godelevaei,
1716 1105 1928 1168 Franc.
1974 1107 2197 1178 Modii,
2244 1105 2423 1168 Fulv.
2472 1107 2709 1180 Ursini,

505 1200 790 1262 Marcelli
846 1200 1096 1264 Donati.
1184 1201 1460 1268 Quorum
1501 1203 1736 1264 interim
1780 1205 2015 1285 scriptis
2058 1204 2329 1266 admixta
2375 1204 2635 1287 plurima
2668 1225 2710 1271 ο

366 1292 374 1300 ’
505 1299 903 1360 monumentis
953 1297 1132 1358 caelii
1186 1297 1540 1378 Rhodigini,
1595 1299 1784 1362 Alex.
1859 1303 1939 1362 ab
2010 1301 2390 1372 Alexandro,
2448 1300 2709 1364 Guiliel.

508 1396 747 1467 Budaei,
777 1394 987 1456 Desid.
1020 1395 1276 1468 Erasmi‚
1303 1397 1478 1458 Petri
1503 1397 1762 1470 Nannii,
1792 1397 2005 1460 Lazari
2049 1399 2257 1472 Baifii,
2304 1398 2511 1460 Hadr.
2554 1397 2709 1460 Tur-

494 1493 662 1565 nebi,
705 1493 848 1554 Lilii
883 1491 1149 1564 Giraldi,
1190 1493 1344 1554 Ant.
1387 1494 1743 1574 Augustini,
1786 1494 2006 1558 Jacobi
2034 1497 2297 1576 Cujacii,
2326 1495 2543 1559 Franc-
2571 1494 2709 1558 Ro-

493 1591 766 1664 horiani,
796 1591 988 1653 Gabr.
1021 1591 1262 1664 Faerni,
1291 1593 1507 1654 Onufr.
1533 1593 1845 1666 Panvinii‚
1871 1594 2091 1655 Jacobi
2118 1593 2417 1668 Revnrdi,
2440 1594 2710 1658 Bas-nab.

502 1690 818 1760 Bria-onii,
848 1689 1021 1750 Petr.
1049 1689 1301 1762 Pithoei,
1337 1688 1495 1750 Justi
1539 1690 1746 1772 Lipsii.
1830 1691 1989 1752 Cum
2021 1691 2221 1754 indice
2254 1711 2449 1752 rerum
2474 1711 2549 1752 ac
2574 1711 2707 1754 ven-

500 1788 710 1852 bowm
737 1785 1099 1867 locupletiss.
1141 1786 1280 1846 huic
1307 1787 1640 1848 novissimae
1677 1788 1773 1850 ed.
1818 1789 2128 1870 adaptato.
2210 1788 2370 1849 Cum
2408 1789 2599 1868 gratia
2642 1795 2711 1850 et

495 1885 808 1968 privilegio
843 1903 964 1945 sac.
1011 1884 1170 1945 Caes.
1209 1883 1368 1964 Maj.
1419 1885 1498 1946 ad
1543 1884 2709 1948 decennium.m›cx11.1·'mncofurfi

497 1981 578 2042 ad
607 1981 874 2042 Moenum
899 2001 979 2042 ex
1005 1978 1242 2042 officina
1267 1991 1502 2063 typogr.
1531 1981 1631 2042 Jo.
1664 1981 1889 2054 Sturii,
1926 1982 2205 2062 impensis
2236 1981 2375 2044 Jac.
2417 1981 2707 2046 Fiscberi.

497 2079 580 2142 In
603 2077 746 2150 fine,
794 2077 1219 2138 ‘Francofurti
1253 2099 1332 2140 ex
1373 2077 1531 2140 offic.
1570 2077 1891 2150 Sam-iana,
1916 2080 2249 2160 sumptibus
2270 2078 2445 2150 Jonae
2470 2077 2709 2140 Rhodii

499 2193 784 2238 uncvu.
787 2175 1333 2237 'aeAnnotationes
1374 2175 1629 2255 Sigonii,
1679 2175 2059 2248 Godelevaei,
2102 2175 2323 2250 Medii,
2368 2175 2601 2250 Ursini,
2640 2185 2709 2238 et

499 2275 772 2336 Donati
756 2295 816 2336 in
843 2273 1022 2335 titulo
1049 2275 1349 2356 promissae
1393 2275 1453 2334 in
1501 2283 1705 2335 nostro
1744 2275 2025 2356 exemplo
2066 2273 2303 2335 desunt.
2387 2272 2593 2346 Unde,
2640 2281 2709 2334 et

495 2393 574 2435 ex
599 2371 881 2436 diverso
865 2391 926 2433 ιιι
953 2369 1069 2433 fine
1109 2373 1374 2453 ascripto
1418 2392 1577 2433 anno
1611 2372 1995 2454 suspicamur,
2036 2371 2195 2433 hanc
2232 2369 2333 2434 ed.
2376 2370 2556 2432 nihil
2561 2371 2705 2473 novi

498 2471 722 2531 habere
746 2478 966 2552 praeter
989 2468 1246 2541 titulum,
1273 2469 1645 2551 eandemque
1668 2490 1797 2531 esse
1818 2488 1961 2529 cum
1984 2468 2083 2530 ed.
2107 2489 2168 2530 a.
2195 2475 2378 2531 1608.

487 2562 492 2570 ’
569 2574 734 2627 1618
777 2565 1038 2627 Gruteri.
1069 2566 1348 2627 Francos.
1379 2574 1476 2627 12.
1504 2585 1583 2626 ex
1608 2567 1706 2627 ed.
1734 2567 1875 2627 Jani
1898 2565 2166 2637 Gruteri,
2194 2572 2235 2627 8
2258 2565 2403 2627 voll.

571 2670 740 2727 1614
781 2653 974 2742 Lugd.
1005 2670 1065 2723 8.
1113 2662 1302 2723 Hanc
1331 2663 1430 2724 ed.
1457 2673 1747 2725 memorat
1774 2664 2123 2725 Fabricius·
2106 2684 2169 2725 ιιι
2196 2662 2277 2727 Β.
2306 2661 2379 2724 L.

572 2766 736 2823 1616
775 2760 853 2822 Τ.
883 2760 1040 2820 Livii
1066 2759 1474 2822 Historiarum
1517 2762 1597 2821 ab
1640 2761 1726 2823 U.
1770 2761 1847 2823 C.
1898 2761 2033 2823 Lib.
2080 2776 2351 2823 xxxnl.
2398 2758 2705 2841 precipua

490 2866 685 2940 parte,
741 2876 878 2939 quoe
923 2857 1394 2930 desiderabatur,
1439 2858 1717 2940 expletus
1758 2878 1839 2919 ex
1882 2858 2037 2921 Cod.
2081 2857 2268 2919 Msto.
2315 2855 2595 2918 Venetiis
2636 2864 2702 2919 8.

501 2954 872 3017 Memoratur
897 2954 955 3016 in
987 2954 1189 3018 Catal.
1221 2954 1390 3017 Bibl.
1423 2954 1789 3017 Uffenbach.
1818 2962 2000 3019 1729.
2023 2954 2101 3017 Τ.
2132 2971 2181 3015 1.
2213 2975 2273 3035 p.
2294 2959 2437 3015 628.
2462 2972 2525 3015 ιι.
2547 2959 2649 3015 84.

569 3088 654 3103 -
694 3052 915 3113 Romae
938 3059 998 3113 8.
1027 3071 1126 3133 ap.
1145 3052 1370 3111 Barth.
1401 3053 1785 3113 Zannettum.
1834 3049 1999 3111 Haec
2036 3049 2135 3113 ed.
2160 3051 2433 3111 continet
2464 3057 2703 3114 tanum

484 3150 708 3213 librum
747 3164 1017 3211 xxxut.
1057 3147 1242 3219 Livii,
1279 3157 1342 3207 et
1365 3148 1426 3206 in
1461 3168 1539 3207 ea
1576 3148 1829 3229 primum
1866 3166 2022 3208 nunc
2066 3168 2103 3208 e
2144 3148 2357 3209 codice
2403 3145 2703 3209 Biblioth-

491 3234 868 3309 cathedralis
923 3246 1244 3324 Bamberg.
1302 3244 1537 3326 Caspai·
1586 3245 1957 3323 Lusignanus
1998 3244 2307 3325 evulgavit
2345 3244 2701 3326 principium

489 3342 668 3422 hujus
703 3342 839 3403 libri
877 3342 1004 3403 sive
1048 3357 1221 3401 xvn.
1269 3343 1468 3422 priora
1509 3342 1733 3422 capita,
1780 3360 1917 3421 quae
1960 3350 2141 3403 antea
2178 3340 2702 3415 desiderabantur,

491 3439 714 3503 additis
756 3439 1060 3499 Francisci
1103 3437 1440 3499 Bartholini
1484 3437 1821 3510 Urbinatis,
1867 3438 2075 3519 quiex
2098 3438 2311 3501 codice
2336 3436 2701 3519 descriptum

491 3534 755 3598 Romam
801 3534 1107 3608 attulerat,
1163 3544 1228 3602 et
1273 3534 1528 3595 Antonii
1583 3535 1906 3614 Quaerengi
1953 3535 2495 3614 evagationibus·
2563 3533 2701 3595 Ob·-

487 3641 686 3695 servat
709 3642 908 3694 autem
937 3631 1247 3694 Fabricius
1270 3634 1334 3693 in
1371 3632 1451 3693 Β.
1481 3631 1553 3693 L.
1596 3632 1751 3693 male
1790 3632 1853 3691 in
1896 3632 2087 3695 fronte
2126 3620 2311 3712 atque
2354 3652 2461 3714 per
2494 3649 2701 3693 omnes

487 3730 736 3812 paginas
761 3730 1002 3791 inscribi
1027 3730 1246 3791 librum
1273 3744 1479 3791 κιαι.
1566 3728 1749 3791 Error
1774 3738 1972 3791 tamen
2002 3730 2081 3791 ab
2108 3730 2359 3801 editore,
2388 3728 2544 3791 libro
2558 3731 2697 3809 jam

489 3827 787 3898 ahmluto,
815 3826 1218 3907 deprehensus
1243 3837 1359 3898 est,
1386 3826 1545 3887 unde
1572 3827 1753 3887 etiam
1796 3846 1934 3908 pag.
1984 3826 2197 3887 ultima
2240 3826 2369 3887 sive
2413 3832 2515 3889 79.
2562 3826 2697 3887 hnc

488 3926 674 3987 verba
722 3923 1045 3996 adduntur,
1116 3934 1134 3960 ‘
1157 3923 1542 4003 Ubicumque
1598 3924 1945 4004 impressum
1998 3931 2091 3983 cst
2140 3922 2245 3985 lib.
2300 3937 2507 3983 110111.
2559 3921 2695 4001 lega

493 4022 786 4085 xxxnlss
871 4024 1038 4090 Quin
1087 4022 1271 4083 etiam
1293 4066 1310 4095 ,
1334 4021 1658 4083 divenditis
1702 4022 1836 4099 jam
1884 4020 2185 4100 aliquibus
2228 4018 2693 4099 exemplaribus,

487 4121 745 4201 primum
801 4118 1013 4181 folium
1063 4139 1357 4193 recusum,
1421 4128 1484 4180 et
1542 4138 1703 4177 error
1756 4116 2099 4178 emendatus
2144 4126 2257 4179 est.
2355 4115 2534 4177 Liber
2586 4115 2692 4176 ille

489 4232 764 4279 xxxm.
805 4219 988 4279 etism
1021 4216 1340 4299 separatim
1373 4217 1573 4279 editus
1594 4222 1687 4277 est
1710 4212 1935 4277 Venet.
1966 4222 2147 4279 1616.
2182 4222 2245 4277 8.
2327 4211 2694 4293 Castigatius
