3050 4800
489 378 718 448 12794
1169 393 1567 446 nnonnsus
1618 394 2055 447 nm‘rroutm

487 550 580 601 tor
624 540 764 599 libri
790 527 1055 619 inseripti
1100 538 1209 601 der
1253 540 1671 614 Lehrmeister,
1716 550 1779 602 et
1819 541 2044 622 Mayus
2067 561 2097 602 τ’
2124 540 2205 602 de
2232 541 2448 623 quibus
2493 541 2615 606 vid.
2644 543 2711 605 εἴ

489 638 710 720 placet,
740 635 1176 698 Schummelins
1199 637 1245 699 l.
1274 657 1453 719 supra
1475 641 1579 699 cit.

1357 812 1803 875 GALLICAE.

497 960 504 969 ·
571 933 728 988 1515
771 926 886 987 Les
919 927 1168 1006 grandes
1210 926 1490 990 Deuades
1511 927 1589 987 de
1613 927 1733 988 Tit.
1764 926 1989 998 Livius,
2029 927 2381 992 translatees
2412 930 2491 992 de
2516 930 2693 993 Latin

489 1045 562 1088 en
591 1025 896 1107 Franqois,
919 1031 1002 1107 (p.
1022 1026 1232 1087 Pieri-e
1261 1026 1597 1086 Bercheure
1616 1045 1695 1085 ou
1722 1025 2091 1104 Berohoire)
2100 1027 2540 1089 nouvellement
2560 1049 2695 1090 eor-

488 1125 675 1215 rigees
700 1135 763 1184 et
787 1123 1137 1183 amendees.
1165 1131 1228 1184 et
1251 1143 1323 1184 en
1351 1125 1591 1184 suivant
1615 1123 1703 1182 les
1727 1123 1869 1183 faits
1887 1121 1969 1183 du
1996 1123 2089 1184 dit
2104 1123 2179 1185 T.
2212 1123 2417 1184 Livius
2442 1146 2700 1188 auennes

489 1202 790 1281 additions
840 1220 916 1280 de
971 1221 1260 1301 plusieurs
1303 1221 1520 1300 grands
1562 1220 2065 1302 historiograpbes
2097 1223 2155 1286 si
2199 1241 2430 1282 comme
2476 1223 2695 1292 Orose

489 1317 774 1389 Salluste‚
803 1315 1089 1389 Suetone,
1117 1329 1181 1378 et
1209 1319 1456 1380 Lucain.
1485 1318 1687 1379 Paris.
1717 1316 2063 1378 Guillaume
2094 1318 2393 1380 Eustaehe
2417 1327 2603 1382 1514.
2632 1330 2699 1382 et

488 1415 774 1496 Franfois
801 1415 1118 1494 Reguault
1143 1423 1327 1476 1515.
1355 1415 1462 1476 fol.
1485 1423 1526 1476 3
1550 1415 1696 1476 voll.

567 1521 732 1574 15³0
775 1514 890 1573 Les
914 1512 1163 1593 grandes
1197 1513 1477 1574 Decedes
1502 1513 1579 1574 de
1604 1513 1741 1574 Tite
1770 1513 1941 1586 Live,
1970 1533 2120 1574 aveo
2150 1513 2602 1574 des-additions·
2619 1514 2699 1576 de

487 1612 771 1692 plusieurs
808 1611 1024 1690 grands
1055 1610 1610 1692 Historiographes,
1639 1613 1689 1671 si
1714 1631 1944 1672 comme
1986 1611 2174 1682 Dion,
2220 1610 2505 1683 Sauum,
2542 1611 2698 1672 Sue-

488 1717 648 1782 tone‚
679 1719 743 1768 et
770 1707 1017 1769 Lueain.
1047 1707 1250 1768 Paris.
1306 1727 1377 1767 x.
1406 1707 1603 1767 livres.
1644 1707 1751 1768 fol.
1794 1699 2085 1784 (charact.
2116 1708 2336 1788 Goth.)

567 1811 730 1866 1558
769 1805 996 1864 Primae
1024 1804 1292 1865 Decadis
1313 1804 1466 1864 liber
1491 1804 1785 1865 secundus
1808 1805 2130 1886 interprete
2172 1805 2373 1868 Henr.
2412 1805 2697 1867 Salleno-

487 1921 642 1962 vano
669 1901 888 1983 prodiit
913 1902 1206 1963 Pictavii.

491 2025 506 2034 ·
567 2033 651 2046 —
694 1998 870 2059 Idem
898 2019 977 2059 ex
996 2001 1265 2060 versione
1292 1999 1429 2060 Jae.
1461 1998 1769 2071 Gohon-ii,
1803 1999 1995 2078 Lugd.

495 2133 502 2142 ·
569 2102 730 2156 1562
768 2095 844 2157 T.
873 2095 1096 2167 LiviuS,
1121 2096 1385 2156 Claudio
1413 2094 1765 2156 Guichardo
1789 2097 2127 2177 interprete.
2156 2095 2358 2158 Paris.

499 2227 508 2234 ·
562 2199 724 2252 1568
767 2192 882 2252 Les
926 2194 1206 2254 concions
1255 2201 1318 2253 et
1366 2193 1701 2272 hat-angues
1744 2193 1823 2252 de
1872 2191 2012 2253 Tite
2063 2193 2232 2266 Live,
2274 2195 2597 2257 'ti-aduitus·
2615 2217 2695 2257 en

487 2289 772 2372 Franfois
798 2311 904 2372 par
932 2290 992 2351 J.
1023 2291 1098 2351 de
1121 2289 1390 2351 Amelin.
1418 2289 1624 2352 Paris.
1652 2290 1718 2351 V
1720 2309 1987 2350 aseosan.
2015 2297 2091 2351 8..

495 2414 506 2423 ·
562 2394 727 2449 1582
771 2386 888 2449 Les
914 2387 1194 2450 Decades
1217 2389 1294 2449 de
1317 2387 1458 2449 Tite
1481 2388 1627 2448 Live
1655 2385 1942 2448 traduites
1984 2408 2059 2447 en
2097 2386 2379 2469 Franpois
2423 2409 2529 2470 par
2571 2388 2703 2451 Vi-

483 2487 696 2565 genere
724 2484 1020 2545 Hamelin
1047 2495 1111 2545 et
1132 2485 1402 2545 Antoine
1429 2484 1505 2544 de
1535 2485 1598 2544 la
1630 2484 1839 2565 Faye:
1869 2484 1905 2544 ὲ
1934 2483 2137 2547 Paris.
2176 2484 2287 2547 fol.

501 2620 506 2627 -
563 2588 728 2643 1583
770 2582 1002 2641 Eadem
1027 2583 1224 2641 versio
1247 2602 1372 2663 rep.

492 2718 498 2725 -
563 2712 647 2724 —
685 2678 763 2739 T.
802 2678 1006 2737 Livius
1045 2676 1288 2738 Gallice
1327 2698 1530 2739 versus
1573 2699 1611 2740 a
1660 2677 1873 2740 Blasio
1910 2677 1985 2739 de
2034 2676 2361 2759 Vigenere.
2406 2682 2605 2743 Paris.
2652 2634 2695 2744 2

483 2775 626 2837 voll.
653 2774 759 2836 sol.
789 2775 1025 2836 Praeter
1053 2775 1213 2836 Livii
1237 2784 1478 2837 textum
1497 2778 1765 2838 eontinet
1788 2785 1959 2837 notas
1988 2776 2300 2857 Vigenerii
2342 2779 2402 2838 in
2440 2780 2693 2861 primam

487 2872 816 2935 Decadem.

561 2978 726 3032 1584
767 2971 921 3032 Ant.
954 2970 1108 3053 Fayi
1131 2974 1324 3033 versio
1353 2994 1474 3054 rep.
1505 2980 1547 3033 3
1570 2973 1715 3039 voll.

562 3076 725 3129 1606
769 3068 962 3129 Blasii
989 3068 1066 3127 de
1089 3068 1388 3147 Vigenere
1415 3072 1607 3129 versio
1634 3090 1760 3151 rep.
1790 3068 1993 3130 Paris.
2022 3075 2063 3129 2
2087 3068 2233 3130 voll.
2254 3068 2363 3131 fol.

565 3172 725 3228 1617
772 3164 1027 3234 Eadem,
1055 3164 1203 3225 ibid.
1233 3172 1273 3223 2
1299 3165 1445 3225 voll.
1473 3165 1583 3225 fol.

566 3268 724 3321 1653
767 3260 883 3319 Les
912 3260 1190 3321 Deoades
1212 3261 1290 3320 de
1315 3262 1454 3323 Tite
1483 3263 1655 3335 Live,
1684 3262 1892 3343 depuis
1928 3264 1993 3324 la
2030 3265 2333 3325 naissanee
2372 3262 2449 3325 de
2488 3262 2693 3326 Rome

473 3362 660 3438 jusqu
663 3358 720 3419 'a
746 3358 808 3419 la
834 3356 1144 3419 reduction
1186 3358 1262 3419 de
1307 3358 1370 3419 la
1419 3360 1805 3432 Maeedoine,
1854 3382 2001 3422 avec
2048 3362 2137 3422 les
2184 3362 2577 3444 Supplemens
2612 3362 2693 3425 de

483 3456 960 3516 Freinshemius:
1001 3455 1258 3516 traduits
1281 3456 1363 3516 du
1392 3458 1569 3519 Latin
1591 3478 1668 3518 en
1696 3458 1979 3539 Franpois
2002 3478 2113 3540 par
2135 3459 2351 3520 Pieri-e
2366 3458 2449 3519 du
2477 3458 2686 3541 Ryer:

482 3555 516 3615 a
545 3554 744 3616 Paris.
773 3562 814 3616 2
840 3553 986 3617 voll.
1012 3555 1119 3615 fol.

559 3684 642 3701 --
685 3653 915 3714 Eadem
942 3654 1134 3715 versio
1157 3675 1280 3735 rep.
1312 3654 1502 3733 Lugd.
1535 3660 1616 3715 14
1641 3654 1787 3716 voll.
1814 3661 1917 3716 12.

559 3758 724 3815 1700
767 3750 1000 3811 Eadem
1021 3772 1143 3833 rep.
1171 3752 1468 3813 Boterod.
1497 3760 1537 3812 8
1563 3752 1706 3814 voll.
1736 3760 1837 3813 12.
1920 3734 1927 3743 ”

559 3853 723 3912 1723
763 3846 1122 3907 Traduction
1151 3848 1230 3908 du
1261 3850 1705 3911 xxx111.1ivre
1730 3848 1807 3909 de
1833 3849 1968 3910 Tite
2000 3848 2146 3911 Live
2175 3871 2281 3931 par
2302 3852 2587 3933 Franyois
2608 3851 2689 3913 de

481 3946 837 4011 Malherbe:
877 3945 1000 4007 vid.
1027 3948 1107 4025 ej.
1139 3943 1302 4027 opp.
1346 3946 1549 4008 Paris.
1578 3953 1678 4008 12.
1714 3946 1789 4005 Τ.
1824 3962 1901 4007 ιι.
1932 3946 2119 4007 Hanc
2149 3946 2477 4009 Malherbii
2502 3950 2689 4010 inter-

480 4046 870 4125 pretationem
921 4064 1028 4125 pro
1081 4044 1292 4122 insigni
1335 4042 1615 4124 exemplo
1659 4044 2040 4106 commendat
2080 4044 2349 4107 Sorellus
2392 4046 2453 4105 in
2512 4045 2685 4109 Bibl.

487 4138 757 4204 Gallica.
