3050 4800
479 330 722 408 12786,
1177 347 1495 398 Norrrm
1554 346 1971 398 uraniam

475 513 592 554 non
631 491 776 552 satis
818 499 1059 571 uterque
1097 489 1335 552 illorum
1377 491 1747 562 abstinuerit,
1790 511 1825 551 e
1860 491 2077 571 quibus
2114 489 2441 572 periculum
2466 492 2565 564 sit,
2602 511 2679 553 ne

473 609 784 672 puerorum
810 589 990 648 animi
1033 585 1351 649 fallacibus
1385 587 1508 648 illis
1530 596 1596 648 et
1620 587 1965 648 meretriciis
2002 589 2287 648 orationis
2322 591 2681 651 ornamentis

473 707 512 748 a
539 705 786 748 nervosa
817 695 881 744 et
903 683 1069 746 civili
1093 683 1391 746 scribendi
1423 685 1850 744 consuetudine
1894 683 2287 746 abducantur.
2371 686 2681 748 Praeterea

467 779 776 843 Johannes
799 779 1060 854 Jensius,
1086 783 1458 843 consulturus
1481 783 1772 862 juvenum
1798 781 2190 842 studiosorum
2228 783 2501 864 tempori,
2528 803 2675 864 quo-

467 897 598 940 rum
625 878 896 960 plerique
917 879 1076 940 mole
1103 879 1261 939 Livii
1284 877 1577 949 deterriti,
1594 878 1751 938 ultra
1776 881 2027 960 primam
2052 880 2340 941 decadem
2362 879 2525 940 haud
2540 899 2679 961 pro·

467 974 834 1055 grediuntur,
863 987 1042 1056 atque
1067 975 1222 1036 adeo
1248 975 1533 1036 delibatis
1556 974 1739 1036 modo
1764 961 2153 1037 adolescentis
2170 977 2381 1058 populi
2409 975 2675 1038 Romani

467 1071 666 1144 rebus,
707 1082 1004 1134 maturum
1047 1069 1238 1133 adulti
1281 1071 1550 1151 ejusdem
1578 1073 1804 1154 populi
1850 1075 2114 1153 vigorem
2154 1075 2442 1134 intactum
2492 1071 2677 1134 relin-

467 1176 682 1248 quunt,
725 1169 1046 1250 Epitomen
1090 1189 1304 1230 novam
1343 1169 1603 1230 historiae
1644 1169 1833 1232 Rom.
1879 1171 2063 1231 totius
2106 1171 2279 1242 Livii,
2310 1171 2507 1232 verbis
2542 1170 2679 1249 ejus

464 1273 835 1337 contextam,
861 1285 1056 1345 neque
1087 1265 1276 1326 multo
1303 1265 1675 1344 grandiorem
1714 1285 1837 1326 una
1877 1267 2032 1328 Livii
2066 1267 2293 1327 decade
2316 1268 2671 1348 composuit,

466 1359 878 1442 inscripsitque
933 1371 952 1398 ‘
975 1361 1050 1422 T.
1079 1361 1234 1422 Livii
1264 1361 1555 1423 Patavini
1584 1363 1989 1424 Historiarum
2018 1364 2253 1444 Corpus
2290 1365 2680 1436 concinam-‚²

466 1477 545 1518 ex
575 1455 912 1538 Gymnasio
941 1455 1352 1528 Dordraceno,
1379 1459 1541 1539 typis
1567 1457 1827 1521 Bramiis
1852 1459 2188 1531 luculentis,
2217 1478 2377 1521 anno
2404 1466 2583 1523 1711.
2611 1467 2673 1522 8.

383 1549 398 1563 ’
466 1551 746 1616 Cete‘rum
787 1555 1023 1615 Livium
1052 1556 1246 1636 ipsum
1288 1556 1982 1636 evolvere'cupientibus
2024 1558 2138 1617 hoc
2178 1555 2533 1637 compendio
2562 1575 2673 1617 suo

387 1649 398 1658 ”
463 1647 814 1732 neutiquam
843 1669 880 1710 e
923 1651 1194 1711 manibus
1233 1661 1514 1712 excutere
1532 1681 1539 1686 ·
1556 1651 1747 1713 voluit
1790 1651 2259 1714 florentissimum
2300 1653 2671 1733 scriptorem,

459 1747 565 1809 sed
593 1755 826 1809 tantum
853 1749 948 1820 iis,
973 1749 1076 1829 qui
1097 1749 1504 1828 magnitudine
1528 1750 1727 1830 operis
1748 1749 2035 1810 removeri
2059 1769 2123 1810 se
2148 1750 2229 1809 ab
2254 1752 2389 1830 ejus
2416 1749 2673 1810 lectione

460 1846 791 1926 patiuntur,
825 1865 1185 1917 succurrere,
1231 1854 1300 1905 ut
1339 1843 1677 1907 Historiam
1725 1845 2069 1907 Romanam
2120 1846 2429 1907 Livianam
2478 1853 2669 1907 totam

459 1941 618 2000 intra
655 1941 894 2002 brevius
937 1943 1195 2021 spatium
1248 1942 1553 2002 absolvere
1606 1945 1855 2024 possint.
1940 1940 2214 2024 Speciem
2258 1944 2375 2003 ista
2424 1943 2679 2003 habent.-

461 2038 590 2104 Qui
637 2039 894 2099 historiae
939 2037 1123 2098 Rom.
1173 2039 1593 2120 compendium
1638 2041 1963 2120 requirant,
2008 2039 2079 2099 iis
2119 2059 2263 2101 vero
2304 2041 2391 2100 ita
2440 2037 2670 2100 consuli

457 2135 679 2216 possit:
722 2155 834 2196 nec
860 2133 938 2195 ad
965 2135 1230 2195 notitiam
1257 2137 1594 2214 generalem
1616 2138 1877 2197 historia!¹
1905 2135 2091 2198 Rom.
2122 2135 2375 2197 Liviana
2410 2136 2669 2197 lectione

458 2243 608 2312 opus
631 2231 730 2293 sit.
815 2231 942 2314 Qui
967 2239 1167 2291 autem
1193 2231 1432 2292 Livium
1460 2251 1813 2311 cognoscere
1848 2231 2062 2305 velint,
2088 2235 2167 2292 iis
2202 2231 2425 2292 talibus
2446 2230 2675 2292 libellis

457 2341 575 2388 non
595 2325 956 2415 consulitur:
999 2337 1062 2387 et
1085 2338 1332 2410 possunt
1365 2331 1547 2390 etiam
1563 2333 1819 2411 juvenes
1846 2329 2075 2409 longius
2101 2329 2373 2411 progredi
2395 2329 2455 2387 in
2495 2328 2673 2390 Livio

455 2422 891 2503 cognoscendo,
915 2424 969 2484 si
994 2424 1172 2484 modo
1193 2444 1335 2485 vera
1361 2430 1515 2486 ratio
1534 2428 1596 2485 in
1622 2446 1697 2487 eo
1718 2426 2031 2487 tractando
2055 2427 2112 2484 in
2140 2424 2357 2485 scholis
2378 2422 2667 2485 adhibea-

455 2528 584 2590 tur3
627 2518 706 2581 de
746 2539 868 2601 qua
907 2520 1198 2581 videndus
1239 2520 1541 2581 Gesner-us
1571 2522 1631 2582 in
1668 2521 2015 2603 praefatione
2056 2542 2151 2593 ea,
2197 2538 2375 2600 quam
2414 2520 2666 2581 editioni

454 2616 622 2699 Lips.
647 2636 707 2680 a.
733 2622 918 2680 1735.
945 2618 1250 2700 praemisit.
1295 2616 1418 2678 Sed
1445 2638 1597 2701 opus
1618 2629 1709 2679 est
1730 2620 2034 2698 magistro,
2063 2618 2167 2699 qui
2194 2620 2321 2699 ipse
2343 2616 2663 2696 intelligat,

451 2728 562 2775 nec
601 2732 752 2796 opus
789 2714 1013 2776 habeat
1051 2714 1128 2775 ad
1170 2714 1434 2795 singulas
1471 2717 1647 2776 horas
1674 2715 1969 2797 trepidare
2012 2717 2071 2775 in
2114 2715 2539 2797 praeparatione
2583 2712 2667 2776 ad

451 2808 650 2871 locum
679 2810 1157 2890 intelligendum,
1183 2832 1362 2892 quem
1388 2812 1693 2895 explicare
1721 2812 1867 2873 vult.

1341 3026 1783 3109 Supplementa.

471 3222 476 3228 ·
531 3198 816 3262 Perditos
856 3201 1014 3263 Livii
1056 3200 1238 3263 libros
1277 3203 1514 3282 ingenio
1551 3202 1987 3283 quodammodo
2026 3206 2282 3265 restituit
2312 3203 2403 3265 vir
2434 3202 2659 3265 doctis-

447 3296 625 3358 simus
661 3298 762 3360 Jo.
791 3298 1250 3371 Freinshemius,
1289 3309 1635 3378 argumento
1658 3319 1883 3360 'eorum
1920 3318 1999 3360 ex
2040 3302 2313 3382 epitomis
2356 3302 2567 3383 petito,
2594 3308 2662 3359 et

449 3392 730 3455 adhibitis
768 3394 1002 3456 Graecis
1038 3404 1101 3455 et
1143 3394 1392 3467 Latinis,
1434 3414 1573 3477 quae
1615 3404 1851 3469 extant,
1890 3397 2304 3468 monumentis,
2354 3394 2665 3477 explicato

447 3497 620 3551 tanta
645 3490 936 3553 industria
960 3500 1023 3553 et
1045 3492 1363 3565 felicitate,
1385 3502 1452 3554 ut
1472 3494 1597 3575 ipse
1614 3514 1733 3555 non
1760 3494 1997 3555 dubitet
2022 3492 2309 3576 profiteri,
2332 3514 2397 3553 se
2424 3504 2441 3529 ‘
2467 3494 2661 3552 neuti-

447 3606 630 3667 quam
673 3597 959 3660 metuere,
987 3610 1060 3649 ne
1099 3590 1232 3670 quis
1269 3612 1347 3651 ex
1382 3592 1656 3652 omnibus
1699 3592 1790 3651 his
1826 3591 2231 3672 scriptoribus,
2277 3590 2382 3670 qui
2424 3598 2561 3649 sunt
2596 3590 2659 3649 in

445 3681 748 3744 hominum
771 3704 972 3759 manu,
1000 3686 1228 3766 aliquid
1243 3688 1502 3749 efficiat
1488 3710 1548 3750 in
1576 3691 1689 3749 hoc
1718 3708 1928 3768 genere
1946 3688 2313 3756 concinnius,
2336 3686 2663 3766 copiosius,

443 3780 661 3851 verius,
666 3780 908 3842 'Primi
945 3782 1151 3845 decem
1177 3785 1316 3846 libri
1359 3784 1617 3874 Reginae
1658 3786 2013 3846 christianae
2053 3782 2239 3845 dicati
2263 3781 2539 3843 viderunt
2562 3781 2659 3841 lu·-

445 3888 578 3937 cem
605 3874 879 3939 Holmiae
919 3886 1230 3943 1649.12.
1317 3884 1481 3969 Libri
1517 3884 1830 3963 sexaginta
1862 3881 2078 3943 deinde
2126 3879 2515 3959 Argentomti
2552 3898 2655 3941 an.

443 3978 626 4041 16⁵4.
655 3983 714 4036 4.
742 3996 892 4055 quos
929 3977 1169 4039 Gallice
1197 3964 1378 4041 etiam
1405 3983 1588 4042 vertit
1622 3982 1844 4043 Petrus
1888 3978 2153 4059 Ryerus.
2240 3976 2521 4056 Denique
2547 3975 2654 4036 ad-

432 4068 662 4148 junctis
688 4088 905 4134 xxxv.
935 4076 1242 4157 postumis,
1271 4100 1422 4160 quos
1449 4080 1528 4140 ab
1554 4078 1889 4139 haeredibus
1912 4074 2083 4137 Galli
2104 4074 2497 4143 redemerant,
2524 4074 2655 4131 uni-

443 4167 598 4227 versi
625 4166 763 4230 libri
789 4187 951 4235 xcv.
997 4161 1553 4257 Supplementorum
1593 4175 1821 4255 vulgati
1864 4182 2003 4235 sunt
2030 4171 2193 4235 aJo.
2236 4170 2551 4249 Doujatio,
2588 4170 2657 4229 in
