3050 4800
1269 357 1345 440 ²1⁸.
1393 383 1609 440 mvn.
2316 367 2535 438 12803

344 561 507 630 pag.
559 539 712 608 1¹72.
743 541 909 607 edit.
955 539 1150 606 1827.
1241 537 1541 603 Textum
1604 531 2133 601 Drakenborchii
2191 533 2497 618 sequitur
2518 551 2541 596 ε

345 642 593 712 desunt
655 643 1122 710 annotationes
1155 661 1172 702 ι
1265 641 1472 707 index
1544 657 1703 705 vero
1778 638 2235 722 amplissimus
2304 637 2539 702 subse·

345 749 603 833 quitur.
1732 765 1739 772 ·

421 848 891 916 Historisches
914 847 1270 912 Iaesebuch
1295 863 1422 911 aus
1446 844 1571 911 des
1594 844 1833 910 Livius
1849 841 2135 909 Werken
2157 843 2541 927 gesammlet

337 951 454 1018 fiir
499 955 696 1017 obern
755 951 1041 1018 Classen
1099 951 1220 1014 der
1270 949 1712 1034 Gymnasien‚
1783 946 1945 1013 Von
2006 946 2161 1013 Chr.
2213 944 2537 1010 Wilhelm

343 1053 553 1134 Sneli,
585 1054 884 1121 Prorect.
902 1053 1019 1119 des
1041 1051 1369 1136 Gymnas.
1395 1072 1478 1117 zu
1511 1051 1795 1129 l'dstein,
1824 1049 2079 1128 (ii-issae,
2108 1048 2305 1114 1795.
2333 1049 2491 1112 Svo.

432 1160 644 1226 Varia
699 1159 903 1223 etiam
955 1162 1110 1221 sunt
1155 1157 1494 1240 Excerpta
1526 1155 1727 1232 Livii,
1777 1155 1849 1218 in
1900 1173 2095 1218 nsum
2143 1151 2538 1217 Scholarum

343 1262 771 1339 concinnata,
805 1265 882 1325 nt
925 1280 970 1326 a
1008 1260 1298 1334 Bauero,
1337 1259 1625 1341 Soergel,
1674 1265 1741 1323 et
1770 1257 1925 1322 aliis
1965 1254 2346 1333 Germania,
2386 1271 2538 1338 quae

339 1363 610 1430 laudem
641 1383 730 1429 ex
761 1383 908 1430 suae
937 1363 1154 1445 gentis
1181 1361 1671 1446 bibliographis
1698 1362 2245 1445 reportaverunt.

427 1465 570 1532 Titi
600 1467 800 1542 Livii,
827 1467 948 1530 Sto.
995 1464 1246 1531 Gothae
1275 1465 1470 1529 1796.
1515 1471 1588 1529 et
1628 1462 1818 1548 Lips.
1851 1461 2049 1526 1800.
2080 1465 2149 1524 et
2186 1457 2537 1542 deinceps.

339 1567 498 1637 Jos.
543 1568 856 1634 Andreas
901 1568 1154 1633 Stroth.
1195 1567 1484 1651 primum
1530 1563 1743 1632 edidit
1786 1585 1983 1630 unum
2016 1562 2197 1627 Livii
2224 1561 2542 1626 volumen

341 1693 406 1738 a.
440 1671 638 1737 1780.
674 1672 776 1752 (ut
801 1677 986 1737 recte
1018 1670 1435 1754 Bipontini);
1479 1676 1724 1753 postea
1753 1687 1941 1742 vero,
1980 1685 2219 1750 nempe
2248 1683 2310 1728 a.
2346 1663 2539 1729 1783.

341 1785 416 1841 et
465 1773 660 1841 1784.
709 1773 842 1838 duo
887 1772 1027 1837 alia
1070 1773 1433 1847 volumina,
1471 1779 1543 1836 et
1584 1771 1729 1835 haec
1772 1771 1903 1834 tria
1948 1767 2267 1832 exhibent
2294 1767 2541 1832 Libros

339 1875 727 1963 quindecim
757 1875 1008 1959 priores
1033 1895 1053 1956 ς
1099 1895 1252 1958 quae
1283 1872 1468 1940 Guil.
1497 1873 1799 1955 Doering
1831 1875 1897 1936 in
1928 1871 2216 1955 repetita
2242 1869 2542 1934 editione

341 1979 604 2064 publici
623 1978 794 2064 juris
842 1977 1001 2043 fecit
1031 1979 1160 2042 sub
1190 1977 1320 2042 hoc
1355 1978 1575 2056 titulo,
1622 1982 1641 2012 ‘
1670 1976 1809 2040 Titi
1848 1975 2021 2040 Livii
2052 1973 2284 2058 Opera
2314 1972 2541 2038 omnia

343 2080 1032 2148 animadversionibus
1059 2081 1418 2146 illustravit
1459 2080 1841 2146 Fridericus
1887 2076 2194 2142 Andreas
2244 2075 2544 2156 Stroth.;

343 2185 680 2249 recensuit
727 2189 795 2249 et
845 2202 1012 2248 suas
1043 2184 1553 2248 observationes
1584 2181 1918 2264 adspersit
1949 2179 2335 2244 Fridericns
2367 2178 2539 2243 Gui-

347 2285 618 2352 lielmus
643 2286 957 2368 Deering.
1016 2285 1306 2350 Accedit
1337 2285 1556 2350 Index
1588 2280 2011 2349 Historicus.’
2054 2278 2239 2344 Voll.
2272 2297 2324 2344 1.
2355 2286 2427 2345 et
2457 2297 2544 2346 ιι.

339 2387 595 2456 Gothae
617 2389 808 2456 1796.
851 2387 1014 2453 Vol.
1039 2405 1157 2452 111.
1189 2385 1438 2453 Gothae
1463 2386 1654 2453 1801.
1714 2385 1983 2451 Deinde
2008 2389 2315 2451 secutum
2336 2389 2447 2449 est
2476 2404 2540 2449 a.

337 2492 672 2559 lfflssxol.
699 2510 799 2557 ιν.
831 2492 994 2559 Vol.
1017 2510 1086 2556 v,
1106 2492 1302 2558 1808.
1329 2490 1494 2557 Vol.
1519 2489 1829 2555 v1.1813.
1876 2488 2263 2555 Voluminis
2280 2492 2545 2571 postre-

335 2595 438 2662 mi
457 2614 634 2661 nova
653 2596 884 2673 editio,
913 2604 1116 2661 aucta
1143 2604 1213 2659 et
1245 2595 1615 2675 emendata,
1635 2592 1888 2677 prodiit
1902 2592 2151 2658 Gothae
2170 2591 2367 2657 1816.
2387 2590 2543 2656 Svo.

427 2698 570 2763 Titi
618 2698 798 2764 Livii
830 2698 1018 2762 Hist.
1047 2700 1165 2761 sne.
1199 2695 1651 2763 1816-1818.
1745 2696 1924 2760 Haec
1954 2696 2165 2760 editio
2194 2694 2544 2778 Doeringii

337 2802 626 2885 repetita
653 2808 784 2878 est,
827 2800 916 2863 ad
963 2805 1224 2881 septem
1265 2798 1607 2864 volumina
1652 2798 2003 2881 producta,
2043 2798 2283 2864 iterum
2324 2816 2545 2863 emen-

339 2903 533 2980 data,
563 2910 634 2965 et
657 2900 908 2965 notulis
937 2900 1338 2983 quibusdam
1371 2900 1723 2984 ampliata.

425 3003 638 3083 Quod
671 3002 759 3066 ad
783 3002 908 3067 has
931 3002 1270 3068 editiones
1300 3009 1587 3086 spectat,
1617 3001 1969 3085 profitetur
1990 3000 2235 3067 Stroth.
2266 3002 2337 3066 in
2361 3001 2547 3069 Prae-

339 3108 501 3175 fat-t
549 3114 569 3141 ‘
603 3102 838 3184 Quum
867 3106 937 3169 in
970 3105 1433 3171 constituendo
1463 3108 1818 3171 verborum
1850 3111 2199 3170 contextu*
2212 3124 2547 3170 summum

329 3210 576 3297 judicii
635 3228 920 3274 acumen
981 3208 1408 3275 adhibuisset
1463 3210 1551 3275 cl.
1607 3206 2226 3288 Drakenborchius,
2284 3226 2359 3273 se
2410 3228 2546 3295 non

339 3313 480 3378 nisi
509 3332 658 3377 raro
691 3313 780 3377 ab
809 3312 926 3377 illo
951 3312 1428 3378 discedendum
1474 3321 1739 3396 putare,
1776 3312 2069 3397 adjectis
2115 3310 2253 3375 fere
2282 3330 2547 3396 semper

343 3415 752 3490 rationibus,
799 3414 1046 3499 quibus
1085 3402 1427 3499 permotus
1475 3417 1679 3481 aliam
1716 3416 2109 3481 adhibuerat
2135 3412 2547 3480 lectionem.'

343 3516 716 3597 Pmterea,
785 3518 1223 3584 varietatibus
1293 3518 1656 3584 lectionum
1716 3540 1755 3585 e
1816 3518 2168 3583 codicibus
2242 3516 2543 3581 Draken-

343 3618 726 3685 borchianis
755 3619 926 3685 bene
955 3621 1334 3704 perpensi3‚
1373 3619 1641 3685 duobus
1684 3621 1837 3684 aliis
1877 3620 2230 3684 codicibus
2260 3621 2546 3703 primum

341 3740 512 3787 usus
535 3726 660 3800 est,
685 3742 968 3807 quorum
997 3724 1166 3788 alter
1195 3725 1502 3807 primam,
1548 3724 1716 3788 alter
1741 3724 2005 3789 tertiam
2042 3720 2321 3787 Decada
2352 3722 2547 3787 exhi·-

343 3823 531 3905 buit3
601 3832 670 3890 et
717 3826 1068 3891 varietates
1121 3827 1195 3890 in
1254 3826 1344 3891 iis
1395 3826 1753 3891 lectionum
1814 3831 1966 3890 ante
2022 3825 2263 3890 oculos
2322 3826 2547 3909 ponit.

347 3926 608 3993 Iisdem
635 3946 833 4011 poene
863 3931 1184 4011 passibus
1217 3930 1522 4013 sequitur
1544 3928 1871 4010 Doering.

431 4030 612 4096 Livii
639 4030 826 4097 Hist.
855 4031 1006 4096 Lib.
1027 4046 1228 4097 1--x.
1281 4032 1591 4111 Hafniae,
1622 4030 2081 4098 1815—1819.
2130 4030 2177 4095 2
2208 4028 2363 4093 voll.
2388 4025 2547 4093 Svo.

347 4150 504 4197 cum
559 4132 872 4213 Strothii,
944 4135 1314 4219 Doeringii,
1373 4136 1791 4221 aliorumque
1852 4128 2547 4201 animadversionibus

347 4250 516 4303 snas
541 4234 792 4321 adjecit
823 4236 1040 4305 editor
1069 4240 1151 4307 E.
1185 4238 1492 4309 Moellor.
1544 4318 1551 4324 ,
2446 4246 2455 4263 ’
