3050 4800
477 345 694 415 1⁶17oe
1137 359 1549 412 nscsnsus·
1582 357 2011 410 mirionum

479 513 784 562 κωκυ.
831 498 1088 578 septimo
1131 495 1282 560 Idus
1323 495 1629 573 Augusti!
1712 494 1942 556 Postea
1980 515 2123 555 vero
2154 503 2422 576 repertos
2448 493 2677 578 quintae

482 593 748 656 Decadis
779 595 1002 676 priores
1025 594 1287 673 quinque
1330 591 1533 662 libros,
1560 592 1687 652 sive
1726 611 1931 652 eornm
1970 591 2325 672 fragmenta,
2352 591 2559 654 itidem
2594 613 2679 654 ex

479 692 796 753 Juntarum
842 690 1077 752 officina
1122 689 1426 771 prodiisse,
1477 689 1591 749 hac
1634 690 2059 771 subscriptione
2104 689 2183 749 ad
2226 687 2406 750 finem
2446 689 2683 761 addita,

481 799 500 826 ⁶
529 789 796 870 impress.
827 787 1145 848 Florentia
1165 788 1224 846 in
1245 783 1474 846 nedibus
1491 785 1783 846 Bernardi
1808 786 2033 859 Juntoe,
2058 805 2213 848 anno
2242 803 2477 848 xxxn.
2502 807 2685 869 supra

482 903 564 949 ss.
589 895 652 946 et
677 902 744 946 n.
765 885 1118 947 duodecimo
1148 883 1296 946 Kal.
1327 882 1573 944 Maias.’

566 989 724 1044 1525
767 981 985 1044 colon.
1029 981 1136 1042 fol.
1177 1001 1276 1062 ap.
1319 979 1613 1040 Jounnem
1660 977 1951 1042 Soterem.
1998 1000 2135 1040 cum
2184 979 2389 1042 Floro.
2472 979 2689 1060 Hujus

481 1079 626 1142 edit.
683 1080 893 1140 titulus
939 1087 1212 1149 testatur,
1261 1077 1420 1138 Livii
1465 1077 1649 1138 libros
1690 1079 1955 1156 triginta,
2003 1077 2108 1157 qui
2156 1077 2269 1138 soli
2312 1097 2389 1138 ex
2438 1087 2681 1138 centum

481 1175 882 1258 qnadraginta
915 1185 1248 1257 supersunt,
1289 1185 1530 1236 auctore
1555 1174 1596 1234 J
1600 1175 1789 1236 acobo
1810 1173 2021 1245 Sobio,
2048 1175 2476 1254 castigatiores,
2502 1193 2687 1253 quam

481 1274 734 1336 antehoc
763 1293 1027 1354 unquam
1059 1273 1166 1332 visi
1193 1282 1351 1342 sunt,
1387 1271 1619 1354 prodire
1646 1291 1801 1332 anno
1828 1287 2113 1334 MDXXV.
2144 1291 2343 1332 mense
2370 1269 2685 1350 Septemb.

484 1371 810 1432 Dedicatio
861 1368 1030 1429 Sobii
1071 1368 1430 1449 subscriptas
1475 1367 1717 1451 praefert
1756 1377 1775 1404 ‘
1804 1367 2115 1429 Kalendas
2162 1367 2545 1450 Septembres
2582 1387 2687 1428 nn.

487 1467 736 1530 Domini
763 1467 1070 1528 mnxxvss
1114 1464 1392 1545 Denique
1417 1464 1496 1526 ed
1522 1465 1749 1526 calcem
1778 1465 1917 1526 libri
1940 1464 2071 1525 haec
2099 1466 2286 1526 verba
2312 1465 2553 1544 adjecta
2576 1483 2689 1524 ex-

484 1572 620 1625 tant
637 1584 656 1623 t
698 1573 716 1601 ⁶
747 1563 1022 1624 Coloniae
1065 1561 1224 1644 apud
1259 1562 1360 1624 Jo.
1391 1561 1685 1633 Soterem,
1728 1563 2009 1644 impensis
2042 1562 2275 1624 bonesti
2312 1562 2463 1622 civis
2510 1560 2691 1621 Petri

487 1660 754 1728 Quentel
781 1678 940 1720 anno
959 1677 1246 1721 unxxv.
1267 1679 1466 1720 mense
1494 1659 1816 1738 Augusto?
1902 1659 2175 1731 Sobium,
2202 1659 2356 1720 Livii
2376 1657 2690 1727 editorem,

486 1757 740 1820 laudans
773 1757 1069 1818 sturmius
1107 1757 1166 1817 in
1207 1757 1406 1838 Epist.
1446 1756 1775 1818 dedicator.
1822 1766 1963 1817 ante
2006 1766 2153 1818 tom.
2185 1773 2267 1818 11.
2308 1755 2483 1816 Orat.
2510 1753 2691 1814 Cice·

487 1857 648 1916 ronis
669 1855 840 1925 dicit,
868 1853 1144 1914 Coloniae
1179 1854 1380 1914 literas
1407 1851 1691 1925 floruisse,
1722 1873 1855 1913 cum
1884 1855 1943 1913 in
1984 1873 2059 1914 es
2090 1853 2311 1914 Sobius
2330 1851 2555 1931 aliique
2576 1849 2689 1910 do—

487 1961 714 2024 cerunt,
745 1951 996 2012 Sobium
1021 1972 1162 2012 vero
1209 1959 1352 2012 tunc
1390 1952 1510 2012 vim
1552 1951 1741 2011 morbi
1762 1950 2095 2012 abstulisse.
2146 1950 2493 2010 Editionem
2532 1949 2693 2009 hanc

489 2048 827 2120 Livianam,
874 2067 1054 2128 quam
1081 2049 1316 2109 curavit
1357 2047 1599 2118 Sobius,
1636 2056 1705 2107 ut
1742 2049 1956 2109 ceteris
1990 2047 2453 2126 castigatiorem,
2484 2044 2695 2106 laudat

491 2145 824 2208 Rhenanus
865 2143 944 2205 sd
987 2145 1142 2206 Livii
1181 2145 1286 2205 lib.
1317 2160 1551 2206 xxvn.
1592 2165 1731 2226 cap.
1760 2161 1913 2206 xvi.
1939 2151 1969 2220 ξ
1994 2151 2097 2205 10.
2132 2152 2197 2206 et
2220 2143 2295 2203 ad
2338 2163 2478 2224 cap.
2504 2159 2691 2202 xvu.

491 2249 649 2320 511.
735 2242 890 2322 Ejus
925 2244 1353 2322 conjecturam,
1401 2261 1581 2323 quam
1628 2244 1688 2302 in
1732 2251 2079 2304 contextum
2120 2242 2373 2323 recepit,
2420 2239 2699 2321 quamvis

489 2349 704 2423 preter
732 2339 1027 2401 Mstorum
1051 2342 1489 2414 auctoritatem,
1527 2341 1911 2402 nihilominus
1929 2349 1995 2400 ut
2018 2341 2381 2420 ingeniosam
2408 2338 2697 2420 predicat

493 2438 788 2499 Gruterus
811 2436 891 2497 ad
916 2438 1072 2497 Livii
1105 2437 1208 2499 lib.
1240 2455 1289 2498 1.
1325 2460 1382 2499 c.
1403 2454 1627 2501 xxnl.
1657 2444 1765 2513 56.
1830 2438 2161 2517 Perperam
2188 2435 2501 2497 Fabricius
2526 2436 2586 2496 in
2612 2436 2695 2497 B.

495 2538 568 2597 L.
593 2534 914 2595 editionem
965 2535 1120 2594 hanc
1178 2535 1588 2596 Basileensem
1631 2536 1895 2605 vocavit,
1946 2534 2153 2594 dicens
2206 2543 2225 2570 ⁸
2248 2534 2487 2595 Livium
2534 2552 2697 2593 anno

497 2646 782 2695 unxxV.
813 2630 1066 2691 Basileae
1091 2650 1168 2691 ex
1196 2630 1414 2693 Jacobi
1441 2631 1615 2692 Sobii
1638 2633 2027 2711 castigatione
2050 2630 2373 2711 prodiisse.'

577 2736 740 2792 1526
769 2728 1114 2808 Haganoae,
1139 2736 1201 2789 4.
1227 2726 1299 2788 Τ.
1322 2728 1478 2791 livii
1497 2729 1720 2791 Patsv.
1753 2728 1921 2791 Hist.
1952 2728 2139 2791 Rom.
2194 2728 2295 2788 Ex
2314 2710 2699 2790 catat'Bibl.

495 2826 568 2889 S.
587 2826 654 2889 J.
687 2828 886 2888 Mont.
915 2845 1052 2905 pag.
1077 2832 1216 2889 139.

577 2930 736 3011 1527
779 2924 980 2984 Paris.
1011 2922 1118 2983 fol.
1149 2942 1246 3003 ap.
1276 2923 1422 2984 Pet.
1453 2921 1843 2985 Vidovaeum.
1872 2922 2179 2985 Recenset
2202 2922 2357 2983 hanc
2380 2920 2476 2982 ed.
2509 2920 2697 2983 Mait-

495 3024 708 3084 tsirius
731 3022 792 3082 in
829 3020 1060 3082 Annal.
1089 3020 1352 3100 Typogr.
1381 3030 1528 3079 tom.
1559 3036 1639 3081 11.
1670 3040 1807 3100 pag.
1830 3026 1975 3081 688.
2004 3040 2077 3079 sc
2118 3028 2391 3091 testatur,
2416 3038 2551 3081 eum
2590 3040 2699 3081 ve·

496 3120 844 3179 numdatam
879 3118 1060 3177 fuisse
1105 3136 1144 3177 a
1177 3116 1414 3176 Joanne
1453 3116 1665 3177 Parvo
1704 3116 2039 3197 bibliopola
2068 3117 2422 3197 ascriptitio,
2450 3117 2701 3198 impres-

495 3236 624 3277 sam
653 3235 794 3275 vero
821 3234 860 3274 a
889 3213 1078 3274 Petro
1107 3212 1406 3273 Vidovaeo
1441 3232 1641 3273 mense
1668 3211 1898 3294 Aprili,
1929 3229 2217 3275 mnxxvl
2229 3230 2279 3276 1.

587 3318 746 3372 1528
786 3310 1002 3372 Colon.
1027 3308 1134 3377 fol.
1153 3330 1254 3390 ap.
1281 3309 1476 3370 Euch.
1505 3308 1958 3371 Cervicornum.
2042 3310 2217 3372 Huic
2240 3310 2489 3373 editioni
2510 3310 2700 3383 locus,

499 3410 600 3469 ubi
633 3407 874 3489 prodiit,
917 3408 1207 3487 ascriptus
1237 3426 1352 3467 non
1383 3415 1655 3487 apparet,
1682 3406 1785 3467 sod
1812 3416 2041 3468 tantum
2070 3427 2293 3469 excusa
2326 3426 2452 3467 esse
2477 3406 2703 3469 dicitur

501 3506 580 3566 ab
604 3505 862 3567 Euchar.
894 3503 1280 3565 Cervicomo.
1324 3503 1482 3563 Eum
1504 3522 1646 3565 vero
1670 3502 2191 3585 chalcographiam
2216 3514 2280 3564 et
2304 3514 2443 3567 ante
2480 3515 2543 3567 et
2568 3516 2707 3587 post

502 3622 720 3665 anuum
744 3608 926 3664 1528.
956 3600 1230 3663 Coloniae
1269 3603 1627 3674 exercuisse,
1668 3602 1871 3682 ibique
1910 3604 2109 3663 varios
2146 3602 2331 3663 libros
2366 3601 2701 3665 Godefrido

505 3698 842 3780 Hittorpio,
869 3699 988 3759 civi
1007 3708 1072 3759 et
1085 3696 1432 3779 bibliopolae
1451 3698 1818 3770 Coloniensi,
1834 3700 1995 3781 typis
2016 3701 2136 3760 suis
2157 3700 2530 3781 descripsisse
2550 3721 2699 3763 con-

503 3804 642 3857 stat.
727 3796 1100 3857 Maittairius
1123 3794 1352 3857 nullam
1389 3796 1568 3876 hujus
1590 3795 1688 3857 ed.
1715 3798 2069 3858 mentionem
2096 3799 2153 3857 in
2179 3798 2410 3861 Annal.
2434 3798 2701 3880 Typogr.

501 3896 671 3967 facit,
693 3914 828 3955 eam
853 3903 1053 3955 tamen
1092 3904 1490 3955 memorarunt
1516 3895 1826 3957 Fabricius
1864 3897 1927 3957 in
1968 3895 2049 3959 Β.
2076 3897 2149 3957 L.
2192 3906 2255 3959 et
2279 3896 2588 3957 Hesi-nius
2628 3916 2703 3958 ac

505 3994 780 4055 Clericus
816 3993 878 4053 in
923 3990 1136 4055 Indice
1171 3992 1520 4053 Editionum
1562 3992 1963 4054 Livianarum.
2051 3993 2319 4056 Eandem
2360 4002 2590 4053 tantum
2622 4014 2703 4053 ‚se

505 4090 746 4163 vidisse,
771 4090 880 4151 sed
903 4089 1204 4151 consulere
1229 4108 1346 4155 non
1387 4092 1669 4172 potuisse,
1698 4089 1831 4151 Jac.
1866 4089 2029 4151 Frid.
2060 4088 2397 4151 Gronovius
2432 4091 2493 4149 in
2524 4088 2699 4150 Prai-

507 4188 730 4249 fatione
755 4198 1020 4251 testatur.
1107 4188 1360 4251 Praefat.
1389 4193 1460 4251 h.·
1475 4188 1617 4251 edit.
1646 4190 1936 4269 promittit
1966 4198 2195 4249 textum
2230 4187 2694 4266 castigatiorem,
