3050 4800
1309 383 1378 433 τ.
1428 381 1647 432 mvn.
2353 365 2567 436 12140

627 531 855 610 Magna
881 529 1110 610 loquar,
1135 527 1241 590 sed
1265 549 1422 590 vera·
1433 537 1659 590 tamen.
1742 523 2031 588 Conferre
2056 533 2297 608 putatur

697 627 804 689 Ad
831 627 1050 688 famam
1075 635 1244 686 natos
1267 645 1643 707 progenita·
1668 624 1901 704 μοῦσα.

623 721 773 786 Non
792 737 982 804 pam
1001 725 1231 804 majora
1251 733 1452 784 tamen
1477 729 1857 782 monumenta
1880 719 2147 802 putanda

703 820 858 881 Sunt
879 841 1082 903 opera,
1108 818 1408 881 excellens
1431 839 1571 900 quae
1592 819 1749 901 parit
1772 819 2087 897 ingenium.

623 913 762 978 Nec
784 938 926 977 vero
953 926 1184 984 tantum
1211 916 1358 976 fluxi
1381 917 1523 998 quia
1546 917 1809 998 corporis
1832 914 1919 974 illi

701 1014 988 1076 Existunt
1011 1015 1218 1087 foedus,
1248 1016 1514 1101 perpetui
1542 1016 1669 1075 haec
1696 1015 1876 1075 animi
1900 1035 1918 1074 :

612 1111 848 1173 Verum
875 1115 1057 1174 etiam
1083 1115 1207 1173 nati
1234 1115 1377 1194 quia
1403 1133 1522 1174 non
1549 1134 1587 1173 a
1606 1114 1872 1195 patribus
1896 1133 2120 1186 omnes,

704 1209 859 1272 Sunt
883 1211 1098 1291 quibus
1124 1211 1324 1272 affecti
1348 1210 1611 1283 dotibus,
1640 1211 1964 1292 accipiunt.

621 1308 834 1389 Siqua
851 1317 1049 1369 autem
1077 1311 1272 1388 gravis
1296 1318 1473 1390 atque
1499 1317 1711 1370 ornata
1733 1310 1943 1380 oratio,
1970 1309 2208 1389 qualem

701 1405 1014 1466 Cernimus
1038 1427 1164 1466 esse
1187 1413 1376 1479 tuam,
1403 1407 1735 1486 composita
1759 1406 2057 1466 extiterit:

621 1501 793 1563 Huic
820 1501 965 1561 nihil
991 1512 1081 1563 est
1105 1525 1359 1585 prorsus,
1385 1503 1547 1590 quod
1573 1524 1688 1564 non
1714 1524 1851 1564 suus
1874 1503 2087 1564 afferat
2112 1509 2355 1562 auctor:

701 1597 843 1659 Sive
869 1601 998 1679 ejus
1023 1599 1295 1672 formam,
1321 1602 1443 1661 sive
1463 1600 1585 1661 alia
1610 1601 1881 1682 aspicias-

619 1695 762 1776 Ipse
788 1696 940 1756 hanc
965 1695 1209 1777 effingit,
1234 1696 1388 1779 polit
1408 1697 1585 1769 hanc,
1614 1707 1793 1778 atque
1821 1695 2016 1758 induit
2040 1696 2184 1777 ipse,

699 1791 863 1875 Ipse,
893 1795 1092 1854 anima
1118 1803 1426 1874 tanquam,
1454 1792 1718 1856 sensibus
1742 1795 2020 1856 instituit.

617 1889 724 1950 An
752 1901 922 1951 natos
947 1891 1123 1972 igitur
1147 1893 1404 1953 servanti
1425 1899 1643 1952 cuncta
1668 1901 1906 1974 putares

695 1987 783 2049 Te
809 1989 1048 2061 debere,
1076 1990 1221 2052 nihil
1248 1990 1377 2051 haec
1402 2010 1587 2072 opera
1611 1989 1879 2050 eximia?

615 2083 822 2158 Adde,
849 2087 1010 2167 qnod
1035 2092 1098 2146 et
1121 2086 1474 2168 perpulchra
1497 2086 1730 2152 effinxit
1753 2094 1815 2147 et
1837 2073 2086 2174 eptima,
2110 2087 2341 2148 cunctis

621 2189 630 2196 ’
695 2181 842 2244 Hoc
871 2185 1011 2262 (sic)
1039 2186 1222 2244 etiam
1242 2194 1308 2245 ut
1329 2184 1631 2266 placeant,
1654 2185 1787 2250 haec
1813 2193 2191 2244 monumenta
2212 2192 2342 2252 tua,

619 2279 822 2361 Atque
848 2287 941 2340 tot
965 2280 1277 2362 impressit,
1306 2290 1497 2342 totum
1523 2281 1619 2340 bis
1630 2282 1766 2359 jam
1791 2281 1974 2362 possit
1998 2281 2059 2339 in
2086 2280 2287 2340 orbem

696 2375 996 2450 Diffundi,
1025 2387 1204 2461 atque
1231 2397 1421 2439 aevum
1446 2397 1657 2439 nomen
1684 2377 1745 2438 in
1764 2397 1939 2439 omne
1960 2386 2153 2439 tuum.

615 2472 737 2535 Sed
765 2484 871 2536 tua
898 2494 1032 2556 quae
1060 2477 1342 2558 probitas,
1369 2476 1581 2556 dignas
1605 2496 1723 2539 non
1749 2476 2012 2556 ambiget
2035 2474 2194 2536 ullus

695 2572 860 2639 Quin
885 2572 1106 2634 habeas
1131 2583 1326 2653 grates
1345 2576 1470 2655 ipse
1490 2582 1596 2634 tuo
1621 2572 1855 2636 artifici.

613 2666 692 2728 Id
718 2678 1006 2751 superest,
1033 2670 1272 2751 quando
1292 2668 1461 2731 nulla
1492 2680 1583 2730 est
1607 2679 1730 2731 tam
1758 2670 1941 2751 digna
1962 2669 2259 2755 supellex,
2286 2670 2422 2747 (sic)

699 2766 972 2847 Quaeque
999 2778 1090 2827 tot
1116 2788 1188 2829 ac
1215 2768 1396 2828 tantis
1421 2768 1625 2829 usibus
1648 2788 1771 2829 esse
1800 2778 2002 2849 queat.

615 2860 685 2920 Si
710 2882 902 2941 neque
921 2866 1053 2941 jam
1075 2883 1286 2943 magno
1311 2872 1506 2922 sumtu
1530 2884 1819 2943 magnove
1839 2864 2069 2934 labore,

697 2956 819 3017 Sed
845 2958 956 3019 sibi
983 2978 1162 3038 quam
1185 2960 1428 3021 minimo
1455 2960 1703 3041 quisque
1730 2977 1939 3041 parare
1960 2961 2163 3035 valet:

615 3052 918 3116 Historias
941 3056 1228 3137 quisquis,
1255 3058 1522 3138 quisquis
1544 3077 1653 3117 sua
1678 3056 1991 3119 commoda
2014 3066 2205 3128 curat,

693 3150 990 3235 Impressn
1016 3154 1146 3214 haec
1172 3152 1387 3214 frustra
1411 3173 1531 3214 non
1556 3154 1714 3214 sinat
1735 3174 1861 3215 esse
1887 3174 2087 3236 opera.

611 3248 844 3310 Verum
868 3252 954 3311 sic
979 3251 1194 3311 etenim
1219 3271 1328 3312 sua
1354 3271 1653 3333 quemque
1680 3251 1969 3312 industria
1996 3252 2241 3312 multum

687 3346 942 3417 Juverit,
966 3348 1096 3429 ipsa
1119 3356 1308 3430 paret,
1336 3347 1563 3409 lectitet
1587 3346 1713 3430 ipsa
1738 3348 1863 3407 diu.

365 3494 558 3557 Hanc
597 3494 746 3555 edit.
787 3494 1081 3572 Augustae
1123 3492 1577 3557 vindelicorum
1618 3494 1827 3559 endem
1868 3515 2023 3557 anno
2064 3496 2373 3576 repetitam
2412 3514 2561 3567 esse,

359 3592 660 3671 hujusque
683 3590 1025 3671 exemplum
1051 3598 1258 3653 extare
1288 3592 1348 3650 in
1375 3590 1545 3652 Bibl.
1576 3590 1783 3653 Senat.
1809 3590 1971 3672 Lips.
1997 3590 2216 3653 falsum
2240 3602 2351 3653 est.

449 3693 612 3751 1472
653 3686 936 3755 Romana
963 3703 1070 3749 111.
1097 3686 1204 3748 fol.
1249 3708 1354 3769 per
1401 3689 1587 3750 Conr.
1617 3687 2075 3770 Schweynheim
2116 3697 2183 3749 et
2207 3690 2363 3757 Am.
2390 3688 2560 3749 Pan·

361 3793 569 3849 mttz..
639 3783 876 3855 Itetata
901 3784 1087 3849 editio
1115 3783 1402 3858 Andreae,
1427 3788 1603 3867 cnjus
1626 3794 1827 3851 tamen
1850 3785 2103 3870 epistola
2145 3784 2369 3850 deficit.
2452 3784 2561 3854 Ad

365 3881 550 3948 finem
576 3880 734 3941 Livii
760 3881 824 3941 hi
849 3903 1049 3943 versus
1076 3883 1388 3965 leguntur:

507 4028 791 4115 ‘Aspiciffi
821 4029 1065 4091 illustris
1089 4030 1295 4104 lector,
1326 4032 1685 4112 quicumque
1711 4028 1971 4103 libellos,

605 4123 674 4186 si
701 4127 868 4209 cupis
895 4126 1184 4191 artificum
1207 4130 1448 4190 nomina
1472 4148 1665 4201 nosse,
1694 4128 1845 4208 lege.
1979 4158 1987 4167 ·
