3050 4800
536 337 754 406 12772
1195 353 1340 404 nnc
1353 351 1589 403 ausus
1636 353 2072 404 emmonim
2096 322 2105 334 ’

537 510 601 561 et
627 499 760 560 aliis
785 497 1014 578 Sigonii
1037 495 1398 558 editionibus
1431 496 1707 572 credidit,
1734 518 1915 578 quem
1948 499 2081 578 ejus
2104 517 2359 559 errorem
2402 498 2741 579 improvido

539 596 852 676 adoptavit
873 593 974 656 Jo.
1001 594 1294 656 Clericus.

627 699 783 753 1556
824 691 1054 771 Sigonii
1104 691 1346 754 Scholia
1399 694 1460 754 in
1509 693 1745 753 Livium
1797 693 2067 774 prodiere
2120 692 2381 753 Basileae
2432 713 2537 774 per
2585 691 2737 754 Nic.

541 789 944 870 Episcopium.
972 795 1032 850 8.
1059 799 1342 870 tanquam
1366 808 1428 851 v.
1449 799 1645 850 tomus
1664 811 1711 850 a.
1741 789 2039 871 appendix
2062 789 2408 850 Basilienais
2430 809 2527 850 an.
2552 796 2739 850 1554.

539 909 639 968 ap.
659 885 933 949 eundem.
961 892 1022 948 8.

545 1033 554 1042 .
619 989 782 1044 1562
824 983 1021 1044 Paria.
1073 981 1180 1043 sol.
1236 1003 1336 1064 ap.
1391 983 1583 1043 Mieh.
1638 983 2073 1046 vascosanum.
2141 983 2419 1066 Repetit.
2474 984 2619 1046 edit.
2672 1003 2735 1044 a.

535 1087 718 1142 1543.

616 1183 779 1238 1566
822 1176 1080 1248 Aldina,
1125 1175 1352 1256 Sigonii
1382 1192 1464 1238 11.
1492 1177 1741 1248 auctior,
1772 1177 1993 1238 Venet.
2024 1196 2123 1257 ap.
2154 1177 2339 1237 Paul.
2370 1175 2737 1249 Manutium,

537 1274 690 1335 Aldi
718 1272 926 1334 filium.
943 1273 1047 1334 fol.
1092 1272 1168 1334 In
1196 1275 1312 1336 bac
1333 1274 1430 1335 ed.
1459 1277 1710 1356 repetita
1734 1285 1871 1336 sunt
1896 1275 2123 1354 Sigonii
2144 1273 2371 1334 scholia
2394 1275 2452 1333 in
2477 1273 2739 1345 Livium,

529 1369 940 1451 ejusdemque,
969 1390 1084 1432 non
1110 1391 1272 1443 vero,
1297 1381 1364 1432 ut
1389 1372 1701 1434 Hearniua
1724 1383 1787 1432 et
1812 1371 2081 1432 Clericus
2104 1369 2421 1442 affirmant,
2444 1370 2743 1432 Glareani

538 1466 942 1548 Chronologia
967 1468 1235 1530 Liviana.
1294 1468 1396 1532 ‚In
1439 1468 1679 1530 scholiis
1704 1479 1903 1530 antem
1942 1467 2219 1547 Sigonius
2242 1468 2433 1528 multa
2456 1469 2739 1539 mutavit,

535 1564 780 1624 meliora
793 1565 918 1626 sive
941 1575 1174 1646 sponte,
1197 1565 1324 1626 sive
1350 1586 1389 1625 a
1415 1564 1671 1636 Faerno,
1700 1564 2084 1636 Robortello,
2110 1565 2361 1645 aliisque
2386 1564 2653 1626 edoctus.

618 1666 778 1721 1568
823 1659 1192 1721 Francofurt.
1250 1679 1300 1724 1.
1361 1661 1851 1742 Feyerabendina
1920 1683 1968 1722 s.
2026 1659 2401 1722 Godelevaei.
2444 1662 2554 1724 fol.
2608 1661 2739 1722 Titi

537 1755 692 1818 Livii
721 1758 868 1818 Pat.
899 1757 1084 1818 Rom.
1113 1759 1252 1820 hist.
1293 1760 1575 1840 principis
1600 1761 1761 1820 Libri
1790 1767 2084 1842 quotquot
2110 1758 2188 1819 ad
2214 1769 2471 1820 nostram
2498 1767 2737 1820 aetatem

533 1866 964 1935 pervenerunt:
993 1875 1114 1915 una
1137 1875 1272 1916 cum
1297 1856 1769 1917 doctissimorum
1792 1857 2079 1918 Virorum
2106 1858 2165 1916 in
2182 1875 2288 1916 eos
2314 1856 2739 1918 lucubrationi-

533 1951 668 2024 bus,
695 1962 830 2032 post
859 1971 1066 2012 omnes
1091 1951 1342 2012 aliorum
1371 1952 1510 2014 edd.
1538 1973 1767 2013 summa
1792 1953 1910 2014 fide
1938 1975 2009 2014 ae
2045 1952 2357 2032 diligentia
2380 1962 2444 2014 et
2466 1962 2737 2020 veterum

529 2055 594 2108 et
609 2049 996 2109 recentiorum
1011 2047 1332 2108 collatione
1353 2051 1663 2128 recogniti,
1687 2059 1749 2110 et
1766 2049 2095 2110 artificiosis
2120 2051 2387 2131 picturis,
2408 2049 2739 2130 praecipuas

536 2145 810 2206 historias
851 2153 990 2226 apte
1027 2147 1589 2227 repraeeentantibus
1624 2145 1918 2217 exornati,
1962 2147 2143 2228 inque
2188 2145 2341 2206 duos
2380 2157 2573 2206 tomos
2614 2145 2737 2206 dis-

529 2242 760 2314 tributi,
792 2243 1008 2322 quibus
1042 2262 1178 2323 quae
1198 2245 1631 2314 contineantur,
1661 2251 1793 2324 post
1819 2241 2225 2326 praefationem
2246 2243 2499 2323 patebit.
2544 2241 2739 2302 Fran-

531 2337 746 2400 cofurti
771 2338 852 2401 ad
879 2338 1146 2401 Moeuum
1177 2356 1542 2403 MDvaiu.
1570 2360 1705 2401 cum
1734 2341 1923 2419 gratia
1948 2348 2011 2401 et
2040 2339 2351 2421 privilegio
2378 2337 2739 2401 caesaris.—

533 2434 612 2497 In
639 2435 985 2516 praefatione
1027 2439 1172 2497 tomi
1203 2454 1250 2497 1.
1294 2436 1557 2497 Alberto
1603 2435 1763 2501 Duci
1808 2437 2089 2497 Bavariae
2132 2438 2417 2517 inscripta
2443 2436 2740 2516 Georgius

536 2531 832 2593 Corvinus
855 2541 920 2592 et
955 2530 1196 2611 Sigism.
1225 2532 1633 2611 Feyerabend.
1672 2531 1987 2593 consilium
2026 2533 2284 2593 historiae
2316 2533 2587 2595 Livianae
2610 2554 2651 2594 a
2670 2554 2739 2595 se

531 2627 712 2687 editae
754 2629 842 2689 sic
885 2636 1234 2708 exponunt:
1279 2637 1297 2663 ‘
1318 2626 1524 2687 Toties
1564 2648 1705 2689 vero
1731 2648 1807 2689 ea
1840 2628 2017 2709 prelis
2043 2627 2365 2691 Variorum
2396 2650 2644 2701 excusa,
2666 2640 2741 2693 ut

531 2725 720 2785 exteri
747 2724 973 2785 Veneti
997 2734 1062 2785 et
1101 2722 1296 2795 Galli,
1323 2744 1458 2785 cum
1485 2726 1701 2785 nostris
1738 2726 2079 2787 hominibus
2118 2728 2177 2788 in
2203 2728 2319 2789 hac
2344 2726 2579 2789 edenda
2606 2748 2736 2789 cer-

532 2830 688 2889 tasse
728 2820 1064 2895 videantur,
1089 2823 1264 2883 nobis
1313 2821 1567 2902 diligens
1606 2832 2005 2903 accurateque
2054 2825 2508 2906 circumspectio
2560 2823 2733 2884 adhi-

531 2918 730 2982 benda
753 2918 888 2991 fuit,
915 2930 984 2981 ut
1005 2942 1108 2982 eas
1135 2922 1394 2983 rationes
1417 2912 1819 3001 sequeremur,
1846 2923 2065 3001 quibua
2084 2931 2285 2983 nostra
2304 2921 2511 2991 editio,
2538 2922 2589 2981 si
2616 2942 2733 2982 non

530 3019 744 3080 ceteris
779 3018 986 3079 melior
1025 3020 1425 3100 ornatiorque,
1465 3020 1602 3079 aliis
1642 3030 1839 3079 tamen
1878 3028 1943 3079 et
1985 3020 2251 3082 bonitate
2274 3029 2339 3079 et
2370 3028 2583 3083 ornatu
2627 3040 2735 3100 par

531 3124 704 3177 esset.
789 3114 1060 3194 Ideoque
1106 3117 1368 3177 omnium
1421 3126 1715 3196 quotquot
1771 3116 1990 3177 habere
2057 3118 2357 3198 potuimus
2404 3116 2735 3201 editionum

530 3210 966 3291 exemplaribus
989 3210 1282 3281 collectis,
1325 3209 1641 3273 lectionem
1672 3233 1806 3293 quae
1835 3214 2095 3275 omnium
2132 3212 2635 3284 emendatissima,
2662 3234 2735 3275 ac

534 3306 798 3368 Livianae
839 3308 1098 3369 ubertati
1138 3310 1692 3373 convenientissima
1715 3310 2039 3383 videretur,
2068 3311 2283 3371 imitati
2318 3330 2544 3381 sumus,
2588 3310 2735 3371 nihil

459 3418 466 3423 ·
532 3405 596 3464 in
621 3426 694 3465 eo
717 3405 1024 3475 facientes,
1053 3407 1222 3485 cujus
1246 3426 1323 3467 ex
1363 3406 1637 3486 diligenti
1662 3408 2091 3491 exemplarium
2126 3410 2283 3470 inter
2324 3429 2388 3469 se
2412 3409 2733 3471 collatione

532 3502 862 3582 probabilis
911 3504 1062 3565 ratio
1116 3501 1320 3564 lectori
1372 3503 1659 3565 facillime
1714 3526 1999 3588 apparere
2044 3526 2161 3567 non
2206 3516 2409 3587 queat.
2496 3504 2731 3569 Deinde

531 3618 668 3658 cum
699 3620 878 3679 quam
904 3601 1160 3681 plurima
1185 3602 1344 3683 apud
1371 3602 1531 3665 hunc
1556 3602 1893 3663 Autborem
1931 3604 2068 3664 loca
2092 3612 2308 3673 essent,
2336 3622 2473 3682 quae
2498 3603 2733 3665 erudita

531 3694 888 3757 enodatione
914 3718 986 3759 ac
1013 3698 1289 3777 diligenti
1325 3699 1716 3761 illustratione
1744 3700 2097 3779 indigerent,
2126 3718 2241 3761 non
2268 3698 2460 3759 solum
2484 3701 2566 3769 ei,
2594 3719 2729 3782 quae

532 3800 710 3863 autea
729 3792 1038 3861 doctorum
1059 3796 1312 3856 virorum
1340 3797 1398 3859 in
1419 3818 1553 3858 eum
1577 3797 1671 3857 vel
1692 3798 2159 3859 Observationes
2174 3795 2270 3857 vel
2288 3796 2733 3859 Annotationes

529 3892 820 3961 exierant,
849 3890 1268 3969 adjunximus;
1315 3894 1420 3955 aed
1459 3904 1522 3955 et
1556 3914 1691 3957 cum
1716 3896 1897 3955 variis
1931 3894 1989 3955 in
2030 3895 2181 3955 locis
2216 3895 2293 3955 ab
2320 3894 2414 3966 iis,
2440 3899 2731 3976 quasique

531 3982 695 4045 aliud
721 3983 1058 4063 agentibus,
1085 4006 1262 4065 quam
1285 3985 1540 4067 plurima
1562 3988 1641 4049 ad
1664 3988 2017 4049 sententiam
2042 3988 2199 4049 Livii
2226 3996 2383 4049 recte
2410 4008 2729 4068 assequen-

529 4078 668 4141 dam
695 4102 978 4164 perquam
1007 4084 1181 4146 utilia
1211 4096 1516 4157 annotata,
1554 4085 1652 4147 vel
1678 4087 1739 4147 in
1766 4084 2109 4147 adversaria
2152 4085 2343 4147 relata
2366 4088 2733 4167 perspicere·

531 4196 682 4249 mus,
709 4198 785 4240 ea
821 4180 1080 4243 collecta
1120 4190 1299 4265 atque
1343 4185 1402 4247 in
1445 4204 1627 4247 unum
1654 4183 1839 4247 veluti
1872 4201 2089 4267 corpus
2127 4182 2393 4257 redacta,
2442 4194 2729 4266 tanquam
