3050 4800
571 337 791 404 12770
1207 353 1603 403 Rssansus
1656 353 2090 404 animorum

571 503 791 573 gestus.
838 491 1120 554 Servatur
1161 493 1290 554 haec
1325 493 1424 556 ed.
1465 495 1528 558 in
1566 493 1734 556 Bibi.
1767 494 1992 576 Gymn.
2024 495 2167 578 Rip.
2224 496 2380 560 unde
2420 518 2553 562 enm
2592 520 2775 564 em·-

571 593 688 655 tius
711 591 1142 672 descripsimus.

655 695 818 751 1544
857 688 1108 768 Argent-
1141 697 1202 752 8.
1231 689 1573 770 prodierunt
1602 690 1703 750 Jo.
1734 689 2115 752 Velcurionis
2156 690 2345 754 Notae
2372 693 2443 769 in,
2462 691 2621 756 Livii
2657 693 2773 754 lib.

573 801 622 850 1.
651 795 714 846 et
739 803 824 847 11.
847 807 982 867 quae
1020 798 1226 868 pmtea
1247 788 1466 868 saepius
1489 787 1626 850 aliis
1648 788 2002 852 editionibus
2028 790 2261 852 inserte
2286 799 2443 852 sunt.
2530 791 2769 854 Memo-

571 885 725 946 ravit
748 885 906 946 hanc
931 885 1029 948 ed.
1057 886 1364 946 Fabricius
1387 887 1448 945 in
1477 887 1561 946 B.
1590 886 1661 948 L.

575 1037 584 1046 .
651 988 812 1042 1545
854 982 1130 1046 Lovnnii.
1171 991 1232 1044 4.
1274 981 1466 1044 iucem
1504 981 1723 1044 vidisse
1766 983 1967 1044 Notas
2007 984 2183 1046 Petri
2232 982 2464 1046 Nannii
2502 985 2565 1046 in
2608 985 2769 1048 Livii

569 1077 680 1141 lib.
709 1096 824 1142 111.
851 1088 1101 1144 testatur
1125 1080 1434 1142 Fabricius
1459 1065 1520 1142 in
1550 1079 1633 1141 B.
1663 1079 1735 1141 L.

501 1177 514 1192 ⁰
652 1183 814 1240 1548
856 1176 1050 1256 Lugd.
1077 1185 1178 1240 12.
1203 1178 1354 1240 voli.
1381 1185 1442 1242 4.
1477 1198 1575 1258 ap.
1606 1177 1751 1238 Seb.
1792 1177 2150 1259 Gryphium.
2196 1178 2363 1240 Edit.
2408 1178 2763 1258 Lugdunen-

568 1293 692 1336 sem
713 1274 1132 1355 Gryphianum
1156 1275 1333 1355 hujus
1345 1276 1609 1355 ejusdem
1633 1275 1793 1351 anni,
1810 1276 1915 1338 sed
1940 1277 1999 1337 in
2026 1283 2085 1338 8.
2110 1287 2443 1340 memorant
2462 1276 2768 1340 Hearnius

569 1379 633 1432 et
660 1371 934 1434 Clericus
959 1373 1018 1432 in
1048 1371 1260 1434 Indice
1288 1373 1480 1434 Editt.
1512 1373 1744 1434 Livian.

653 1474 818 1530 1549
859 1469 1048 1530 Basil.
1081 1486 1178 1532 vr.
1206 1469 1319 1532 fol.
1345 1490 1444 1552 ap.
1471 1470 1571 1532 Jo.
1610 1470 2010 1550 Hervagium.
2049 1469 2257 1534 Titulo
2291 1472 2469 1550 hujus
2494 1470 2768 1534 editionis

573 1563 700 1626 illa·
735 1567 992 1648 ascripta
1047 1579 1140 1629 est
1181 1567 1457 1640 formula,
1521 1578 1540 1604 ‘
1576 1568 1836 1630 Basilete
1878 1587 1983 1648 per
2020 1565 2317 1630 Joannem
2365 1566 2766 1648 Hervagiurm

571 1681 728 1724 anno
767 1681 1080 1726 unxmx.
1123 1685 1320 1726 mense
1370 1665 1593 1726 Martio
1616 1667 1655 1726 :'
1696 1685 1829 1744 quae
1872 1664 2081 1726 eadem
2132 1663 2317 1726 ferme
2362 1669 2423 1726 in
2466 1665 2585 1728 fine
2630 1667 2769 1728 libri

571 1761 848 1822 occurrit.
892 1760 1225 1822 Recensuit
1275 1762 1430 1821 hanc
1477 1761 1623 1822 edit.
1668 1761 1892 1822 Coelius
1942 1761 2253 1824 Secundus
2297 1762 2507 1835 Curio,
2550 1764 2655 1845 qui
2708 1764 2769 1824 in

573 1855 940 1936 praefatione,
975 1857 1120 1919 data
1158 1857 1416 1919 Basileae
1445 1855 1590 1918 Kal.
1618 1857 1762 1920 Jan.
1790 1874 2103 1922 mnxmx.
2130 1857 2405 1930 affirmat,
2440 1881 2503 1922 se
2534 1859 2767 1922 Livium

568 1955 886 2016 contuliaee
909 1976 1048 2039 cum
1071 1956 1368 2018 veteribus
1393 1964 1456 2016 et
1481 1955 1645 2016 novis
1674 1956 1905 2036 aliquot
1934 1955 2279 2018 melioribus
2290 1957 2768 2038 exemplaribus,

570 2061 751 2134 atque
780 2053 931 2113 Livii
957 2054 1034 2114 ad
1061 2053 1318 2115 ducenta
1343 2051 1479 2116 loca.
1501 2053 1843 2116 emendasse
1862 2063 1925 2115 et
1952 2054 2195 2134 pristino
2224 2054 2541 2116 restituisse
2572 2054 2769 2116 nitori.

567 2143 856 2231 Adject'ae
879 2162 1014 2213 sunt
1039 2152 1322 2213 Rhenani
1347 2171 1420 2212 ac
1447 2150 1687 2212 Gelenii
1708 2153 2139 2222 annotationes,
2166 2160 2231 2212 et
2258 2151 2551 2216 Glareani
2576 2151 2769 2212 Chro-

571 2247 829 2328 nologia.
869 2249 1200 2332 *Perperam
1233 2249 1543 2312 Hearuius
1576 2260 1639 2311 et
1666 2249 1937 2313 Clericus
1972 2249 2029 2309 in
2062 2248 2276 2312 Indice
2310 2248 2507 2310 Editt.
2532 2247 2767 2310 Livian.

567 2347 847 2420 referunt,
875 2348 1196 2410 editionem
1223 2349 1376 2411 hanc
1400 2349 1757 2411 recensuisse
1800 2348 2199 2427 Hervagium,
2234 2348 2339 2430 qui
2380 2367 2513 2409 eam
2538 2357 2767 2411 tantum
2838 2369 2845 2375 ·

571 2447 733 2526 typis
775 2447 899 2505 suis
923 2445 1252 2525 descripsit.
1327 2446 1512 2514 Quod
1554 2467 1695 2507 vero
1724 2446 2039 2507 Drakeub.
2082 2444 2163 2506 ad
2184 2464 2403 2506 annum
2442 2451 2621 2505 1554
2650 2464 2772 2525 quo

573 2542 628 2601 F
631 2540 1237 2603 robeniano-Curion.
1290 2542 1476 2603 editio
1523 2544 1779 2622 repetita
1816 2552 1907 2603 est
1938 2562 2075 2605 cum
2110 2544 2287 2615 notis,
2313 2544 2465 2605 utin
2508 2542 2770 2603 Fabricii

575 2638 656 2699 B.
687 2638 760 2699 L.
791 2655 841 2699 ι.
864 2658 924 2717 p.
951 2644 1092 2699 284.
1119 2639 1392 2709 traditur,
1438 2638 1510 2701 L.
1542 2638 1767 2711 Valla,
1798 2638 2087 2702 Sabellici
2122 2649 2185 2701 et
2226 2640 2523 2712 Curionis,
2566 2650 2768 2719 negat,

573 2733 898 2795 Curionem
938 2733 1095 2796 ullas
1133 2755 1394 2817 unquam
1429 2736 1855 2816 castigationes
1896 2746 2001 2797 aut
2040 2746 2213 2800 notas
2250 2738 2311 2799 in
2353 2737 2587 2799 Livium
2625 2758 2766 2799 con-

567 2832 892 2912 scripsisse,
947 2832 1006 2891 in
1054 2854 1128 2893 eo
1177 2854 1396 2895 errasse
1442 2836 1701 2897 videtur.
1784 2834 2015 2897 Saltem
2060 2834 2121 2895 in
2171 2836 2433 2897 Athenis
2484 2834 2768 2900 Ram-icis

569 2948 708 3010 pag.
735 2935 878 2991 292.
904 2930 1119 2993 dicitur
1157 2932 1344 2994 Curio
1381 2932 1639 2995 edidisse
1674 2934 1737 2994 in
1779 2933 2015 3003 Livium
2048 2942 2221 2996 notas
2260 2943 2325 2994 et
2362 2932 2765 3013 praefationem

566 3026 646 3089 de
685 3030 993 3101 mensuris,
1035 3030 1414 3110 ponderibus,
1457 3051 1639 3111 reque
1686 3032 2013 3092 nummaria
2057 3030 2467 3091 Romanorum
2504 3039 2567 3093 et
2592 3030 2768 3090 Gne-

565 3144 792 3187 eornm.
837 3124 1028 3187 Basil.
1059 3134 1238 3189 1549.
1278 3128 1385 3189 fol.
1461 3127 1775 3190 omittitur
1800 3136 1999 3189 tamen
2048 3128 2131 3189 ibi
2174 3129 2235 3188 in
2276 3125 2557 3207 catalogo
2588 3130 2769 3210 serip-

569 3232 764 3283 torum
793 3222 1074 3284 Curionis
1098 3224 1282 3285 editio
1310 3224 1490 3288 Livii.

650 3352 736 3372 ——·-
771 3318 836 3379 J.
864 3320 1132 3381 Per-ionii
1161 3322 1220 3382 in
1239 3342 1441 3384 omnes
1458 3321 1615 3384 Livii
1636 3322 1951 3385 conciones
1972 3321 2183 3385 Notae.
2210 3320 2402 3383 Basil.
2430 3329 2490 3383 8.
2518 3342 2645 3403 rep.
2670 3319 2767 3385 ed.

573 3414 831 3479 Colinaei
861 3418 1060 3480 Paris.
1091 3426 1268 3482 1532.

657 3517 816 3573 1552
858 3512 1056 3573 Paris.
1085 3512 1190 3575 fol.
1219 3534 1316 3595 ap.
1348 3513 1543 3593 Michn.
1571 3512 2004 3579 vascosanum.
2049 3514 2417 3577 Maittairius
2446 3515 2507 3575 in
2534 3513 2766 3577 Annei·

569 3607 834 3689 Typogr.
871 3617 1012 3671 tom.
1061 3628 1175 3676 111.
1221 3633 1286 3693 p.
1325 3618 1468 3673 618.
1513 3612 1713 3683 refert,
1764 3612 1959 3675 Mich.
2009 3612 2423 3675 Vascosanum
2468 3613 2623 3673 hanc
2668 3611 2766 3674 ed.

569 3704 870 3767 dedicasse
911 3706 1144 3771 Jacobo
1191 3709 1500 3780 Varadeo,
1550 3710 1610 3770 in
1649 3730 1921 3791 supremo
1968 3710 2297 3773 Parisiensi
2340 3708 2567 3773 Senatu
2608 3710 2769 3789 regio

569 3803 930 3875 consiliario,
972 3805 1226 3887 epistola
1259 3806 1405 3869 data
1433 3824 1506 3870 x.
1538 3806 1685 3869 Kal.
1722 3808 1869 3870 Jun.
1916 3826 2156 3873 umal.
2220 3808 2525 3871 Prodiisse
2569 3818 2767 3872 auoern

568 3922 707 3963 cum
761 3905 1242 3966 annotationibus
1299 3904 1686 3979 diversorum,
1750 3917 1813 3969 et
1862 3908 1923 3967 in
1976 3907 2265 3968 Glareani
2316 3906 2766 3967 annotationum

570 4000 762 4061 fronte
807 4000 946 4081 legi,
995 4002 1156 4083 typis
1195 4002 1555 4085 descriptam
1598 4024 1725 4067 esse
1777 4004 1939 4085 apud
1992 4004 2187 4065 Mich.
2241 4002 2655 4065 vascosanum
2706 4010 2770 4061 et

571 4095 936 4161 Audoenum
962 4100 1754 4165 Parvum—vascosanum
1782 4110 2014 4165 tantum
2041 4102 2302 4183 priorem
2322 4099 2467 4165 edit.
2494 4120 2555 4163 a.
2579 4104 2764 4167 1543.
