3050 4800
1037 402 1515 470 dcosssnmu
1584 415 1978 470 civissem.

515 567 577 618 ad
598 585 732 634 spem
756 571 976 620 amicitiae
1004 569 1326 618 Romanorum
1348 571 1434 618 de-

451 633 589 682 licere
616 635 766 692 xxxii,
792 643 819 684 5

387 695 571 745 Defieri
592 699 659 756 ix,
691 705 743 748 11
787 713 1083 762 nunquamne
1107 713 1251 748 ceusu
1272 698 1434 756 defiet,

452 777 533 808 cur
555 763 665 810 victi
690 773 830 826 pacto
848 779 940 809 non
968 759 1098 809 stetis

386 821 607 888 Defigere
629 827 731 882 xxi,
754 831 817 876 33
850 837 1047 890 utraque
1072 827 1211 874 simul
1248 826 1436 890 objecta

447 903 526 936 res
564 889 717 937 oculis
754 890 1019 952 animisque
1060 889 1328 937 immobiles
1349 905 1433 952 ps-

447 967 640 1016 rumpet
672 969 755 1000 eos
792 955 977 1010 defixit,
1019 955 1053 1001 i.
1098 971 1143 1002 e.
1178 963 1233 1000 ut
1269 953 1437 1001 fierent

446 1015 713 1064 immobiles

512 1081 655 1127 tacita
688 1081 912 1128 moestitin
946 1081 1012 1127 ita
1035 1079 1204 1127 defixit
1222 1081 1433 1128 omnium

447 1143 629 1190 animos
649 1143 685 1200 i,
708 1149 774 1193 29

507 1221 612 1254 cum
652 1217 821 1270 stupor
857 1207 1193 1270 silentiumque
1214 1207 1327 1254 inde
1352 1223 1431 1255 ce-

442 1278 571 1317 teros
593 1271 789 1318 Patrum
813 1269 1053 1318 defixisset
1074 1271 1138 1327 vi,
1175 1276 1239 1320 40
1273 1273 1339 1320 cf.
1359 1273 1431 1329 iii,

441 1338 506 1382 47
540 1335 623 1382 ubi
642 1336 735 1382 vid.
756 1335 909 1382 Drnk.

505 1399 647 1461 derigi
670 1399 911 1462 torpidum
932 1407 1124 1464 stupore
1146 1413 1202 1448 ac
1224 1399 1429 1448 miracu-

440 1461 489 1508 lo
512 1463 630 1517 xxii,
653 1467 715 1509 53
751 1464 814 1510 cf.
838 1463 919 1518 vii,
944 1467 1005 1510 10

380 1523 656 1586 Deflagrure
698 1541 745 1580 x,
784 1529 848 1574 44
882 1529 1146 1588 eodemque
1168 1527 1247 1573 die
1274 1525 1425 1590 Aqui-

443 1591 575 1636 lonia
596 1596 645 1636 et
670 1589 940 1637 Cominium
964 1589 1278 1652 deflagravere
1363 1618 1376 1630 -

382 1649 649 1700 Deflectere
669 1653 836 1708 xxxix,
858 1659 923 1703 27
956 1651 1233 1716 Philippum
1257 1669 1425 1702 novam

438 1723 607 1778 postea
642 1717 895 1764 deflexisse
918 1718 1057 1774 viam,
1083 1733 1179 1781 qun
1212 1719 1424 1766 Maroni·

440 1789 591 1827 tarum
630 1783 771 1827 urbes
812 1797 1043 1846 agrosque
1080 1782 1427 1845 amplectatur;

438 1859 506 1891 sc.
521 1843 780 1892 muniendo

374 1905 564 1955 Deflete
585 1909 721 1965 xxix,
765 1911 797 1956 4
828 1907 878 1954 in
916 1909 1015 1956 haec
1053 1908 1272 1957 deflenda
1312 1925 1424 1973 pro-

439 1971 598 2034 lapsos
620 1974 680 2020 ab
702 1973 879 2020 recenti
900 1973 1067 2020 nuntio
1091 1976 1273 2020 animos

376 2034 697 2084 Deflet-escere
718 2037 783 2092 vi,
804 2039 867 2084 23
891 2052 996 2083 cum
1015 2038 1245 2100 corporib.
1266 2037 1423 2101 vigere

442 2106 493 2147 et
512 2101 818 2148 deflorescere
840 2102 1023 2149 animos

376 2161 597 2211 Defluere
619 2165 705 2218 xli,
729 2168 790 2212 15
825 2164 960 2211 bovis
978 2164 1259 2220 sescensris,
1280 2181 1421 2230 quem

438 2227 797 2284 immolavisset,
826 2227 960 2292 jecur
998 2227 1271 2284 defluxisse,
1308 2233 1354 2276 h.
1378 2246 1423 2276 e.

436 2291 486 2336 in
527 2293 754 2355 liquorem
787 2291 975 2348 abiisse,
1014 2291 1275 2340 secundum
1316 2291 1419 2341 Gu-

437 2356 577 2404 tlierii
599 2355 1063 2419 interpretationem5
1096 2371 1201 2432 qua:
1239 2364 1254 2385 ‘
1273 2357 1419 2405 deflu-

437 2420 567 2467 endi’
589 2421 801 2476 verbum,
840 2422 901 2467 de
923 2430 1161 2469 sententis
1182 2421 1420 2470 Perizouii

438 2498 542 2533 cum
614 2483 902 2532 ‘diffluendi'
973 2500 1091 2533 voce
1145 2485 1417 2543 confundit;

436 2550 740 2609 quamobrem
759 2556 774 2577 ‘
788 2548 1067 2597 diffluxisse’
1078 2550 1176 2611 legi
1192 2550 1305 2597 vult.
1319 2548 1415 2597 Sed

434 2613 813 2661 commodissime
854 2614 1121 2677 explicatur
1150 2630 1236 2677 per
1274 2620 1287 2641 ‘
1302 2628 1413 2661 evn-

435 2692 642 2732 nescere,
678 2675 871 2740 perire:
904 2692 999 2738 quo
1040 2693 1180 2724 sensu
1200 2678 1290 2726 hoc
1310 2694 1417 2726 ver·

432 2738 546 2787 bum
578 2754 608 2787 u
645 2742 705 2787 ud
744 2741 849 2788 Cic.
882 2740 1057 2815 passim
1079 2740 1282 2787 dicitur:
1317 2741 1417 2789 vid.

432 2804 568 2850 Clnv.
650 2804 713 2851 ic.
776 2804 855 2850 Sic
891 2820 942 2850 m
982 2804 1174 2851 victims
1194 2804 1417 2860 caesano,

434 2875 626 2913 auctore
650 2868 784 2915 Suet.
808 2866 966 2913 idibus
987 2866 1192 2922 Martiis,
1217 2882 1301 2916 cor
1320 2882 1417 2915 uon

432 2938 673 2995 repertum
695 2938 771 2977 est
790 2946 802 2988 ;
836 2946 1007 2993 nempe
1030 2930 1290 2978 defluxerat

495 3008 587 3041 nec
608 2994 860 3057 quicquam
882 2994 1057 3055 equitis
1076 2992 1270 3042 vulnere
1293 3010 1418 3059 equo

432 3059 683 3113 retardato,
722 3058 1026 3104 moribundus
1061 3056 1324 3115 Romanus,
1346 3060 1415 3106 ls-

432 3122 655 3169 bentibus
675 3136 819 3185 super
839 3136 1012 3184 corpus
1033 3121 1191 3179 ermis,
1227 3122 1287 3171 sd
1320 3132 1415 3171 ter-

427 3200 525 3233 ram
549 3186 751 3233 defluxit
770 3186 823 3241 ii,
844 3192 909 3235 20

364 3248 547 3298 Defore
567 3250 663 3306 xlv,
691 3254 751 3299 18
785 3250 851 3297 ibi
871 3264 1108 3313 nunquam
1143 3265 1309 3298 causes
1338 3266 1412 3299 se-

426 3312 658 3361 ditionum
678 3323 729 3361 et
751 3314 1023 3362 certaminis
1043 3315 1203 3362 defore

362 3376 640 3426 Deformere
660 3378 732 3434 ix,
754 3382 818 3426 30
851 3377 1165 3426 deformatum
1196 3378 1413 3429 ordinem

427 3454 571 3506 prove
590 3442 793 3491 lectione
812 3451 1007 3490 senatus

362 3504 657 3554 Deformstio
688 3506 753 3561 ix,
795 3513 823 3554 6
860 3520 890 3553 a
926 3521 1051 3553 coss.
1071 3506 1199 3553 ubire
1220 3506 1411 3555 lictores

419 3570 561 3633 jussi,
601 3569 1036 3633 paludamentaque
1078 3570 1412 3619 detracta—ut

425 3634 550 3680 -ιδ
568 3634 653 3681 illu
664 3634 1007 3682 deformatione
1028 3641 1169 3681 tnntae
1185 3634 1407 3698 majestu-

424 3698 786 3745 tis—uverteret
803 3698 969 3746 oculos

363 3760 603 3808 Deformis
640 3762 841 3818 xxxviii,
887 3766 951 3812 62
1004 3771 1057 3810 nt
1109 3762 1197 3809 sub
1240 3762 1408 3810 rostris

423 3840 555 3873 reum
591 3824 917 3887 (Scipionem)
947 3828 1312 3890 stare-populo
1342 3824 1407 3874 R.

426 3904 473 3937 m
538 3888 581 3935 ‘s
600 3888 830 3943 deforme,
854 3904 997 3950 quum
1016 3890 1130 3955 ipsi,
1152 3891 1216 3937 sit

477 3902 724 4017 :fiamque
744 3952 1021 4008 orationem,
1053 3967 1151 4001 non
1187 3962 1288 4001 tam
1322 3952 1405 4001 ho-

424 4015 669 4065 norificam
688 4014 1009 4072 audientibus,
1029 4032 1173 4081 quum
1194 4016 1287 4066 sibi
1320 4016 1406 4067 de-

422 4079 640 4139 formem,
660 4080 889 4128 habuisse
912 4081 1008 4136 xlv,
1030 4084 1095 4129 44

486 4144 697 4193 deforme
718 4159 891 4209 uginen
910 4142 981 4202 ix,
1001 4148 1035 4194 ο
1066 4143 1127 4193 de
1146 4144 1407 4195 inermibus

418 4210 471 4253 et
490 4208 751 4274 subjugum
769 4208 925 4258 missis

486 4268 705 4322 deformi·
742 4274 893 4330 turbs,
916 4272 1047 4323 velut
1088 4272 1289 4325 lixarum
1324 4286 1403 4324 ct-

2324 409 2572 478 ccxlvii

1575 571 1828 634 louumque
1861 568 1948 626 xli,
1987 575 2016 620 8
2049 563 2278 621 Similiter
2310 571 2426 622 Tac.
2459 574 2564 622 An-

1575 633 1670 682 nal.
1695 635 1758 690 iv,
1801 637 1866 682 2⁰
1896 634 2108 684 deforme
2127 636 2406 700 obsequium
2436 638 2564 686 dixit

1575 713 1662 764 pro
1685 698 1862 756 servili,
1885 699 2054 746 humili

1508 757 1750 826 Defugere
1794 779 1841 818 v,
1886 763 1951 810 38
1998 763 2124 811 circa
2160 763 2312 826 ripum
2353 763 2560 823 Tiberis,

1574 841 1668 888 quo
1707 825 1848 874 urinis
1889 823 2090 888 abjectis
2125 833 2281 873 totum
2317 827 2562 877 sinistrum

1575 905 1718 936 cornu
1757 889 1960 952 defugit,
1995 891 2031 938 i.
2067 907 2113 939 e.
2151 889 2264 952 fuga
2283 889 2560 939 declinavit.

1575 951 1786 1002 Gronov.
1809 953 1908 1016 legi
1927 955 2115 1002 volebat
2147 951 2400 1018 ‘diffugit,’
2436 955 2558 1004 illud

1575 1017 1762 1073 melius,
1786 1017 1955 1080 opinor

1508 1079 1721 1138 Defungi
1763 1098 1806 1136 v,
1847 1085 1876 1128 ὅ
1911 1089 2089 1144 quanto
2127 1087 2198 1128 est
2239 1081 2390 1128 minus
2413 1097 2558 1146 opera

1574 1145 1694 1190 tueri
1713 1145 1854 1199 facta,
1897 1155 1946 1192 et
1970 1147 2141 1192 instare
2161 1152 2214 1192 et
2233 1159 2556 1207 perseverare,

1571 1207 1858 1273 defungique
1876 1224 2002 1256 curu.
2069 1209 2320 1271 Eleganter
2341 1211 2430 1259 hoc
2454 1227 2556 1258 ver-

1573 1273 1684 1318 bum
1720 1273 1919 1319 subinde
1956 1273 2130 1320 dicitur
2160 1273 2220 1320 de
2255 1273 2554 1323 incommodo

1571 1335 1665 1383 levi
1686 1336 1763 1382 vel
1776 1336 1979 1400 jactura.
2047 1337 2124 1384 Sic
2161 1348 2212 1384 et
2245 1337 2379 1393 xxix,
2407 1345 2429 1388 1
2467 1341 2553 1386 de-

1569 1400 1705 1461 fungi
1737 1415 1876 1462 prena
1914 1400 2028 1455 levi,
2065 1401 2120 1447 it.
2151 1400 2201 1455 ii,
2242 1403 2304 1448 8⁵
2339 1403 2459 1449 adeo
2479 1403 2554 1450 in-

1571 1465 1703 1512 sensu
1745 1477 1848 1512 erat
1889 1474 2049 1512 coorta
2088 1464 2242 1526 plebs,
2299 1473 2352 1510 ut
2409 1466 2552 1514 unius
2613 1509 2628 1520 „

1569 1543 1706 1592 poenn
1726 1528 2081 1591 defungendum
2104 1537 2228 1574 esset
2244 1527 2422 1576 Pati-ib.

1632 1591 1801 1638 vicisse
1823 1593 2062 1640 Romanos
2083 1591 2331 1640 defunctos
2343 1595 2550 1642 consulis

1567 1653 1666 1702 sato
1690 1669 1739 1711 x,
1765 1659 1828 1704 29

1629 1717 1850 1767 defuncta
1871 1719 2062 1766 civitate
2089 1720 2390 1782 plurimorum
2426 1731 2550 1770 mor-

1567 1781 1656 1836 bis.
1679 1783 1928 1845 perpaucis
1947 1784 2209 1839 funeribus,
2232 1791 2327 1831 etc.
2350 1784 2418 1841 iv,
2442 1793 2506 1835 52

1626 1861 1828 1910 quonam
1865 1849 2006 1894 modo
2043 1849 2168 1894 enirn
2205 1847 2550 1898 Hasdrubalem

1564 1923 1618 1957 ac
1634 1911 1911 1973 Magonem,
1926 1911 2017 1957 nisi
2034 1910 2285 1959 defunctos
2301 1928 2390 1960 suo
2403 1913 2550 1968 bello,

1563 1975 1665 2021 sine
1702 1975 1956 2021 certamine
2001 1975 2238 2022 adducere
2281 1977 2548 2025 exercitum

1562 2037 1775 2099 potuisse
1813 2053 1930 2092 xxv,
1969 2042 2030 2085 85
2065 2039 2144 2086 Sic
2180 2038 2214 2094 i,
2248 2042 2312 2088 25
2347 2041 2546 2104 defungi

1561 2101 1725 2162 praeliu

1498 2163 1722 2226 Degener
1747 2169 1942 2220 xxv,40
1977 2165 2217 2212 Mutinem
2239 2165 2329 2214 sibi
2349 2167 2544 2216 modum

1559 2230 1736 2284 facere,
1758 2228 2042 2292 degenerem
2067 2229 2232 2277 Afrum
2265 2231 2545 2292 imperatori

1559 2292 1956 2356 Carthaginiensi,
1991 2293 2136 2340 misso
2171 2294 2230 2341 ab
2267 2305 2437 2344 senatu
2459 2311 2545 2359 po—

1595 2357 1674 2405 ulo
1710 2373 1768 2406 ue

1494 2373 1848 2485 Dezenssratum
1885 2422 1920 2479 i,
1963 2426 2026 2471 53
2063 2422 2376 2481 substantive,
2418 2424 2453 2473 i.
2494 2441 2544 2489 q.

1557 2486 1742 2535 animus
1766 2490 2000 2549 degener:
2026 2486 2141 2550 quin
2159 2502 2218 2534 en
2237 2494 2338 2534 arte
2359 2502 2544 2553 aequss-

1558 2558 1632 2597 set
1651 2551 1913 2615 superiores
1933 2567 2084 2613 reges,
2119 2551 2168 2597 ni
2206 2551 2542 2614 degeneratum

1555 2614 1608 2661 in
1630 2616 1735 2662 aliis
1757 2616 1866 2663 huic
1889 2630 2076 2679 quoque
2099 2615 2261 2662 decori
2283 2616 2522 2665 offecisset

1492 2677 1762 2741 Degravsre
1805 2678 1875 2734 iii,
1917 2684 1983 2729 62
2035 2678 2354 2742 degravabant
2395 2696 2542 2745 prope

1556 2742 1929 2790 circumventum
1963 2758 2126 2798 cornu,
2165 2744 2196 2792 i.
2216 2759 2264 2807 q.
2303 2745 2540 2808 opprime-

1555 2805 1687 2862 bant,
1723 2806 1785 2853 cf.
1805 2808 1870 2861 iv,
1895 2812 1956 2856 8³

1622 2870 1788 2917 consul
1809 2885 1903 2915 nou
1939 2870 2063 2917 ultra
2094 2878 2246 2919 castre
2277 2872 2537 2928 insecutus,

1558 2932 1670 2991 quis
1691 2930 1753 2979 'et
1784 2934 1956 2979 vulnus
1998 2934 2300 2995 degravabat,
2340 2944 2433 2984 etc.
2459 2936 2540 2991 vii,

1557 2999 1620 3043 24
1654 2995 1690 3043 i.
1713 3012 1755 3043 e.
1783 2996 2037 3043 molestum
2059 3008 2158 3044 erat
2177 3006 2228 3044 et
2245 2998 2540 3061 impediebat
2636 3016 2648 3023 ·

1492 3058 1706 3121 Degredi
1743 3060 1803 3107 nd
1841 3060 1991 3122 pedes
2026 3060 2162 3116 xxix,
2183 3065 2216 3109 2
2249 3061 2310 3109 de
2342 3064 2542 3126 equitib.

1557 3122 1745 3179 dicitur,
1787 3138 1896 3171 cum
1937 3124 2232 3172 descendunt
2279 3127 2430 3189 equis,
2486 3134 2541 3175 ut

1553 3186 2540 3327 waizssppffa‘ffiz‘zffizfflssupm

1556 3316 1700 3362 moles
1721 3316 1803 3372 vii,
1825 3321 1888 3365 24

1615 3378 1865 3443 degressus
1885 3396 1947 3427 ex
1967 3396 2072 3429 arce
2097 3400 2139 3439 v,
2165 3386 2229 3430 52

1616 3442 1892 3507 degressum
1913 3462 2020 3493 eum
2045 3446 2226 3507 templo
2259 3445 2537 3510 (tribunali)

1550 3504 1687 3554 laetus
1707 3509 2537 3573 senatus—circumlhsi-—prosecutl

1550 3580 1663 3617 sunt
1681 3573 1782 3629 viii,
1804 3578 1867 3621 ⁸5

1485 3632 1684 3682 Dehinc
1725 3636 1760 3691 i,
1805 3640 1868 3685 59
1921 3650 2216 3701 quacumque
2258 3637 2434 3685 dehinc
2487 3636 2536 3684 vi

1545 3711 1738 3759 possum

1485 3758 1754 3811 Dehiscere
1777 3761 1912 3820 xxix,
1935 3766 1968 3811 2
2003 3761 2254 3812 dehiscens
2274 3764 2535 3813 intervallis

1547 3825 1754 3875 hostium
1774 3829 1902 3875 scies

1480 3886 1714 3963 Dejectus
1753 3891 1822 3948 ix,
1866 3896 1900 3941 2
1933 3892 2404 3959 angustius—septus
2447 3892 2531 3939 de-

1535 3962 1672 4017 jectu
1693 3956 1910 4004 arborum
1934 3971 2246 4019 uxorumque
2265 3956 2530 4020 ingentium

1546 4018 1840 4083 objacentem
1864 4021 2038 4069 molem
2057 4020 2283 4069 invenere

1480 4080 1701 4194 Dedicere
1724 4084 1863 4140 xxiii,
1879 4088 1943 4133 4⁷
1977 4100 2156 4148 equum
2173 4082 2224 4131 in
2243 4084 2366 4132 vium
2382 4080 2530 4132 chu-

1545 4146 1653 4257 ¹ius
1675 4147 1870 4211 dejecit,
1908 4148 1943 4198 i.
1974 4162 2018 4194 e.
2041 4146 2230 4195 demisit
2250 4163 2278 4195 e
2302 4146 2531 4209 superiori

1561 4224 1651 4259 oco

1608 4288 1720 4323 cum
1751 4280 1895 4325 vento
1931 4280 2189 4338 tempestus
2214 4282 2376 4325 coorta
2395 4272 2532 4337 signs
