<?xml version="1.0" encoding="UTF-8"?>
<!DOCTYPE html PUBLIC "-//W3C//DTD XHTML 1.0 Transitional//EN"
    "http://www.w3.org/TR/xhtml1/DTD/xhtml1-transitional.dtd">
<html xmlns="http://www.w3.org/1999/xhtml" xml:lang="en" lang="en">
 <head>
  <title>
</title>
<meta http-equiv="Content-Type" content="text/html;charset=utf-8" />
  <meta name='ocr-system' content='tesseract 3.04.00' />
  <meta name='ocr-capabilities' content='ocr_page ocr_carea ocr_par ocr_line ocrx_word'/>
</head>
<body>
  <div class='ocr_page' id='page_1' title='image "./tliviipatavinih32unkngoog_0093.png"; bbox 0 0 3050 4800; ppageno 0'>
   <div class='ocr_carea' id='block_1_1' title="bbox 535 343 2547 473">
    <p class='ocr_par' dir='ltr' id='par_1_1' title="bbox 535 343 2547 473">
     <span class='ocr_line' id='line_1_1' title="bbox 2524 343 2543 370; baseline 0 0"><span class='ocrx_word' id='word_1_1' title='bbox 2524 343 2543 370; x_wconf 83' lang='grc'><strong>.</strong></span> 
     </span>
     <span class='ocr_line' id='line_1_2' title="bbox 535 401 2547 473; baseline -0.002 -1"><span class='ocrx_word' id='word_1_2' title='bbox 535 421 856 473; x_wconf 74' lang='lat' dir='ltr'><strong>comens</strong></span> <span class='ocrx_word' id='word_1_3' title='bbox 903 423 984 472; x_wconf 75' lang='lat' dir='ltr'><strong>m</strong></span> <span class='ocrx_word' id='word_1_4' title='bbox 1035 423 1422 472; x_wconf 66' lang='lat' dir='ltr'><strong>memora.</strong></span> <span class='ocrx_word' id='word_1_5' title='bbox 1470 421 1725 473; x_wconf 75' lang='lat' dir='ltr'><strong>snrr&#39;r.</strong></span> <span class='ocrx_word' id='word_1_6' title='bbox 1776 419 2229 471; x_wconf 68' lang='lat' dir='ltr'><strong>Assnnvmw.</strong></span> <span class='ocrx_word' id='word_1_7' title='bbox 2324 401 2547 470; x_wconf 76' lang='grc'><strong>12813</strong></span> 
     </span>
    </p>
   </div>
   <div class='ocr_carea' id='block_1_2' title="bbox 327 571 2549 1278">
    <p class='ocr_par' dir='ltr' id='par_1_2' title="bbox 327 571 2547 748">
     <span class='ocr_line' id='line_1_3' title="bbox 329 571 2547 644; baseline 0.001 -2"><span class='ocrx_word' id='word_1_8' title='bbox 329 591 464 642; x_wconf 73' lang='lat' dir='ltr'><strong>xi..</strong></span> <span class='ocrx_word' id='word_1_9' title='bbox 518 573 610 642; x_wconf 85' lang='lat' dir='ltr'><strong>N.</strong></span> <span class='ocrx_word' id='word_1_10' title='bbox 641 573 796 642; x_wconf 78' lang='lat'><strong>298.</strong></span> <span class='ocrx_word' id='word_1_11' title='bbox 817 575 1007 641; x_wconf 88' lang='lat' dir='ltr'><strong>Libri</strong></span> <span class='ocrx_word' id='word_1_12' title='bbox 1039 590 1206 640; x_wconf 49' lang='grc' dir='ltr'><strong>ιρι.</strong></span> <span class='ocrx_word' id='word_1_13' title='bbox 1250 574 1348 643; x_wconf 87' lang='lat' dir='ltr'><strong>N.</strong></span> <span class='ocrx_word' id='word_1_14' title='bbox 1367 575 1520 643; x_wconf 79' lang='lat'><strong>299.</strong></span> <span class='ocrx_word' id='word_1_15' title='bbox 1554 575 1741 642; x_wconf 84' lang='lat' dir='ltr'>Libri</span> <span class='ocrx_word' id='word_1_16' title='bbox 1775 589 2229 640; x_wconf 53' lang='lat' dir='ltr'><strong>xxa-xxxi.</strong></span> <span class='ocrx_word' id='word_1_17' title='bbox 2274 571 2371 642; x_wconf 87' lang='lat' dir='ltr'><strong>N.</strong></span> <span class='ocrx_word' id='word_1_18' title='bbox 2392 573 2547 644; x_wconf 77' lang='grc'><strong>300.</strong></span> 
     </span>
     <span class='ocr_line' id='line_1_4' title="bbox 327 679 1014 748; baseline 0.003 -2"><span class='ocrx_word' id='word_1_19' title='bbox 327 679 520 746; x_wconf 81' lang='lat' dir='ltr'>Libri</span> <span class='ocrx_word' id='word_1_20' title='bbox 551 695 1014 748; x_wconf 78' lang='lat' dir='ltr'><strong>xxr.-xxx1.</strong></span> 
     </span>
    </p>

    <p class='ocr_par' dir='ltr' id='par_1_3' title="bbox 331 780 2549 1278">
     <span class='ocr_line' id='line_1_5' title="bbox 419 780 2547 871; baseline -0.001 -23"><span class='ocrx_word' id='word_1_21' title='bbox 419 781 762 849; x_wconf 81' lang='lat' dir='ltr'><strong>Notitiam</strong></span> <span class='ocrx_word' id='word_1_22' title='bbox 811 784 986 850; x_wconf 88' lang='lat' dir='ltr'><strong>hane</strong></span> <span class='ocrx_word' id='word_1_23' title='bbox 1032 783 1524 871; x_wconf 77' lang='lat' dir='ltr'><strong>praecedentem</strong></span> <span class='ocrx_word' id='word_1_24' title='bbox 1577 780 1887 847; x_wconf 87' lang='lat' dir='ltr'><strong>canonici</strong></span> <span class='ocrx_word' id='word_1_25' title='bbox 1942 780 2142 846; x_wconf 81' lang='lat' dir='ltr'><strong>codd.</strong></span> <span class='ocrx_word' id='word_1_26' title='bbox 2194 785 2547 867; x_wconf 83' lang='lat' dir='ltr'><strong>acceptam</strong></span> 
     </span>
     <span class='ocr_line' id='line_1_6' title="bbox 331 881 2549 970; baseline 0 -20"><span class='ocrx_word' id='word_1_27' title='bbox 331 885 686 951; x_wconf 81' lang='lat' dir='ltr'>referimus</span> <span class='ocrx_word' id='word_1_28' title='bbox 718 885 806 950; x_wconf 87' lang='lat' dir='ltr'><strong>ad</strong></span> <span class='ocrx_word' id='word_1_29' title='bbox 840 887 1210 953; x_wconf 76' lang='lat' dir='ltr'><strong>amicitiam</strong></span> <span class='ocrx_word' id='word_1_30' title='bbox 1245 887 1370 952; x_wconf 81' lang='lat' dir='ltr'><strong>viri</strong></span> <span class='ocrx_word' id='word_1_31' title='bbox 1401 884 1585 951; x_wconf 82' lang='lat' dir='ltr'><strong>docti</strong></span> <span class='ocrx_word' id='word_1_32' title='bbox 1614 883 1799 970; x_wconf 84' lang='lat' dir='ltr'><strong>apud</strong></span> <span class='ocrx_word' id='word_1_33' title='bbox 1833 881 2290 963; x_wconf 76' lang='lat' dir='ltr'><strong>oxonienses,</strong></span> <span class='ocrx_word' id='word_1_34' title='bbox 2319 885 2549 950; x_wconf 82' lang='lat' dir='ltr'><strong>nobis-</strong></span> 
     </span>
     <span class='ocr_line' id='line_1_7' title="bbox 331 986 2549 1071; baseline 0.001 -19"><span class='ocrx_word' id='word_1_35' title='bbox 331 996 479 1053; x_wconf 86' lang='lat' dir='ltr'><strong>met</strong></span> <span class='ocrx_word' id='word_1_36' title='bbox 505 987 926 1056; x_wconf 81' lang='lat' dir='ltr'><strong>absentibus·</strong></span> <span class='ocrx_word' id='word_1_37' title='bbox 1013 989 1207 1056; x_wconf 88' lang='lat' dir='ltr'><strong>Dicti</strong></span> <span class='ocrx_word' id='word_1_38' title='bbox 1235 1007 1466 1055; x_wconf 88' lang='lat' dir='ltr'><strong>omnes</strong></span> <span class='ocrx_word' id='word_1_39' title='bbox 1495 986 1695 1053; x_wconf 83' lang='lat' dir='ltr'><strong>codd.</strong></span> <span class='ocrx_word' id='word_1_40' title='bbox 1726 995 1885 1054; x_wconf 86' lang='lat' dir='ltr'><strong>sunt</strong></span> <span class='ocrx_word' id='word_1_41' title='bbox 1925 986 2227 1071; x_wconf 86' lang='lat' dir='ltr'><strong>ejusdem</strong></span> <span class='ocrx_word' id='word_1_42' title='bbox 2274 986 2549 1054; x_wconf 83' lang='lat' dir='ltr'><strong>charae-</strong></span> 
     </span>
     <span class='ocr_line' id='line_1_8' title="bbox 331 1089 2547 1180; baseline 0.001 -24"><span class='ocrx_word' id='word_1_43' title='bbox 331 1093 518 1170; x_wconf 87' lang='lat' dir='ltr'><strong>teris,</strong></span> <span class='ocrx_word' id='word_1_44' title='bbox 567 1111 808 1180; x_wconf 82' lang='lat' dir='ltr'><strong>nempe</strong></span> <span class='ocrx_word' id='word_1_45' title='bbox 859 1113 1024 1158; x_wconf 85' lang='lat' dir='ltr'><strong>saee.</strong></span> <span class='ocrx_word' id='word_1_46' title='bbox 1069 1108 1206 1158; x_wconf 84' lang='lat' dir='ltr'><strong>xv.</strong></span> <span class='ocrx_word' id='word_1_47' title='bbox 1249 1093 1615 1159; x_wconf 81' lang='lat' dir='ltr'><strong>membran.</strong></span> <span class='ocrx_word' id='word_1_48' title='bbox 1660 1089 1779 1156; x_wconf 84' lang='lat' dir='ltr'><strong>sol.</strong></span> <span class='ocrx_word' id='word_1_49' title='bbox 1822 1089 1939 1156; x_wconf 85' lang='lat' dir='ltr'><strong>sed</strong></span> <span class='ocrx_word' id='word_1_50' title='bbox 1989 1109 2121 1156; x_wconf 87' lang='lat' dir='ltr'><strong>non</strong></span> <span class='ocrx_word' id='word_1_51' title='bbox 2158 1089 2547 1158; x_wconf 60' lang='lat' dir='ltr'><strong>audifimus</strong></span> 
     </span>
     <span class='ocr_line' id='line_1_9' title="bbox 331 1193 1106 1278; baseline 0.006 -21"><span class='ocrx_word' id='word_1_52' title='bbox 331 1193 554 1278; x_wconf 83' lang='lat' dir='ltr'><strong>magni</strong></span> <span class='ocrx_word' id='word_1_53' title='bbox 585 1214 738 1259; x_wconf 84' lang='lat' dir='ltr'><strong>esse</strong></span> <span class='ocrx_word' id='word_1_54' title='bbox 767 1197 1106 1263; x_wconf 84' lang='lat' dir='ltr'><strong>momenti.</strong></span> 
     </span>
    </p>
   </div>
   <div class='ocr_carea' id='block_1_3' title="bbox 1029 1387 1851 1478">
    <p class='ocr_par' dir='ltr' id='par_1_4' title="bbox 1029 1387 1851 1478">
     <span class='ocr_line' id='line_1_10' title="bbox 1029 1387 1851 1478; baseline 0.002 -24"><span class='ocrx_word' id='word_1_55' title='bbox 1029 1387 1243 1456; x_wconf 74' lang='lat' dir='ltr'><strong>Codex·</strong></span> <span class='ocrx_word' id='word_1_56' title='bbox 1291 1389 1851 1478; x_wconf 72' lang='lat' dir='ltr'><strong>Cantabrigiemis.</strong></span> 
     </span>
    </p>
   </div>
   <div class='ocr_carea' id='block_1_4' title="bbox 319 1515 2545 2332">
    <p class='ocr_par' dir='ltr' id='par_1_5' title="bbox 319 1515 2545 2332">
     <span class='ocr_line' id='line_1_11' title="bbox 413 1515 2545 1613; baseline 0.008 -33"><span class='ocrx_word' id='word_1_57' title='bbox 413 1515 668 1584; x_wconf 85' lang='lat' dir='ltr'><strong>Nullus</strong></span> <span class='ocrx_word' id='word_1_58' title='bbox 695 1520 915 1587; x_wconf 81' lang='lat' dir='ltr'>codex</span> <span class='ocrx_word' id='word_1_59' title='bbox 947 1542 1022 1589; x_wconf 87' lang='lat' dir='ltr'><strong>se</strong></span> <span class='ocrx_word' id='word_1_60' title='bbox 1051 1525 1270 1605; x_wconf 83' lang='lat' dir='ltr'><strong>offert,</strong></span> <span class='ocrx_word' id='word_1_61' title='bbox 1324 1536 1572 1613; x_wconf 76' lang='lat' dir='ltr'><strong>praeter</strong></span> <span class='ocrx_word' id='word_1_62' title='bbox 1601 1529 1867 1593; x_wconf 79' lang='lat' dir='ltr'><strong>tertiam</strong></span> <span class='ocrx_word' id='word_1_63' title='bbox 1904 1523 2185 1592; x_wconf 89' lang='lat' dir='ltr'><strong>Decada</strong></span> <span class='ocrx_word' id='word_1_64' title='bbox 2224 1523 2310 1588; x_wconf 79' lang='lat' dir='ltr'><strong>T.</strong></span> <span class='ocrx_word' id='word_1_65' title='bbox 2340 1522 2545 1596; x_wconf 77' lang='lat' dir='ltr'><strong>Livii,</strong></span> 
     </span>
     <span class='ocr_line' id='line_1_12' title="bbox 329 1621 2541 1713; baseline 0.004 -32"><span class='ocrx_word' id='word_1_66' title='bbox 329 1637 546 1701; x_wconf 89' lang='lat' dir='ltr'><strong>quem,</strong></span> <span class='ocrx_word' id='word_1_67' title='bbox 567 1628 640 1687; x_wconf 84' lang='lat' dir='ltr'><strong>ut</strong></span> <span class='ocrx_word' id='word_1_68' title='bbox 651 1621 799 1707; x_wconf 87' lang='lat' dir='ltr'><strong>jam</strong></span> <span class='ocrx_word' id='word_1_69' title='bbox 823 1628 1230 1706; x_wconf 81' lang='lat' dir='ltr'><strong>notavimus,</strong></span> <span class='ocrx_word' id='word_1_70' title='bbox 1247 1629 1334 1695; x_wconf 85' lang='grc' dir='ltr'><strong>Τ.</strong></span> <span class='ocrx_word' id='word_1_71' title='bbox 1353 1629 1709 1697; x_wconf 87' lang='lat' dir='ltr'><strong>Hearnius</strong></span> <span class='ocrx_word' id='word_1_72' title='bbox 1732 1649 1891 1696; x_wconf 89' lang='lat' dir='ltr'><strong>usus</strong></span> <span class='ocrx_word' id='word_1_73' title='bbox 1910 1635 2039 1708; x_wconf 76' lang='lat' dir='ltr'><strong>est,</strong></span> <span class='ocrx_word' id='word_1_74' title='bbox 2057 1635 2125 1693; x_wconf 81' lang='lat' dir='ltr'><strong>et</strong></span> <span class='ocrx_word' id='word_1_75' title='bbox 2146 1627 2230 1692; x_wconf 91' lang='lat' dir='ltr'><strong>de</strong></span> <span class='ocrx_word' id='word_1_76' title='bbox 2251 1645 2391 1713; x_wconf 87' lang='lat' dir='ltr'><strong>qno</strong></span> <span class='ocrx_word' id='word_1_77' title='bbox 2412 1626 2541 1692; x_wconf 85' lang='lat' dir='ltr'><strong>sub</strong></span> 
     </span>
     <span class='ocr_line' id='line_1_13' title="bbox 325 1721 2542 1800; baseline 0.009 -16"><span class='ocrx_word' id='word_1_78' title='bbox 325 1721 443 1785; x_wconf 86' lang='lat' dir='ltr'><strong>fin.</strong></span> <span class='ocrx_word' id='word_1_79' title='bbox 463 1724 595 1789; x_wconf 81' lang='lat' dir='ltr'><strong>vol.</strong></span> <span class='ocrx_word' id='word_1_80' title='bbox 619 1741 750 1792; x_wconf 80' lang='lat' dir='ltr'><strong>vu.</strong></span> <span class='ocrx_word' id='word_1_81' title='bbox 769 1729 871 1794; x_wconf 87' lang='lat' dir='ltr'><strong>sie</strong></span> <span class='ocrx_word' id='word_1_82' title='bbox 891 1729 1522 1800; x_wconf 83' lang='lat' dir='ltr'><strong>Drakenborchius:</strong></span> <span class='ocrx_word' id='word_1_83' title='bbox 1571 1739 1593 1770; x_wconf 88' lang='lat'>‘</span> <span class='ocrx_word' id='word_1_84' title='bbox 1614 1734 1785 1800; x_wconf 86' lang='lat' dir='ltr'><strong>God.</strong></span> <span class='ocrx_word' id='word_1_85' title='bbox 1810 1736 1918 1798; x_wconf 89' lang='lat' dir='ltr'><strong>est</strong></span> <span class='ocrx_word' id='word_1_86' title='bbox 1945 1731 2308 1800; x_wconf 78' lang='lat' dir='ltr'><strong>membran.</strong></span> <span class='ocrx_word' id='word_1_87' title='bbox 2368 1727 2542 1795; x_wconf 82' lang='lat' dir='ltr'><strong>Eum</strong></span> 
     </span>
     <span class='ocr_line' id='line_1_14' title="bbox 320 1821 2541 1924; baseline 0.006 -35"><span class='ocrx_word' id='word_1_88' title='bbox 320 1821 481 1891; x_wconf 81' lang='lat' dir='ltr'><strong>Jae.</strong></span> <span class='ocrx_word' id='word_1_89' title='bbox 511 1825 924 1905; x_wconf 80' lang='lat' dir='ltr'><strong>Gronovius,</strong></span> <span class='ocrx_word' id='word_1_90' title='bbox 952 1853 1157 1919; x_wconf 89' lang='lat' dir='ltr'><strong>quum</strong></span> <span class='ocrx_word' id='word_1_91' title='bbox 1181 1834 1647 1924; x_wconf 81' lang='lat' dir='ltr'><strong>-Gautabrigiae</strong></span> <span class='ocrx_word' id='word_1_92' title='bbox 1676 1837 1950 1902; x_wconf 87' lang='lat' dir='ltr'><strong>hiberna</strong></span> <span class='ocrx_word' id='word_1_93' title='bbox 1980 1840 2221 1920; x_wconf 82' lang='lat' dir='ltr'><strong>ageret,</strong></span> <span class='ocrx_word' id='word_1_94' title='bbox 2259 1834 2541 1917; x_wconf 82' lang='lat' dir='ltr'><strong>diligen-</strong></span> 
     </span>
     <span class='ocr_line' id='line_1_15' title="bbox 321 1933 2542 2022; baseline 0.005 -30"><span class='ocrx_word' id='word_1_95' title='bbox 321 1933 426 1993; x_wconf 85' lang='lat' dir='ltr'><strong>ter</strong></span> <span class='ocrx_word' id='word_1_96' title='bbox 443 1933 780 2012; x_wconf 83' lang='lat' dir='ltr'><strong>excussit,</strong></span> <span class='ocrx_word' id='word_1_97' title='bbox 805 1954 888 2000; x_wconf 86' lang='lat' dir='ltr'><strong>ac</strong></span> <span class='ocrx_word' id='word_1_98' title='bbox 911 1943 1198 2004; x_wconf 88' lang='lat' dir='ltr'><strong>testatus</strong></span> <span class='ocrx_word' id='word_1_99' title='bbox 1221 1945 1343 2016; x_wconf 84' lang='lat' dir='ltr'><strong>est,</strong></span> <span class='ocrx_word' id='word_1_100' title='bbox 1368 1960 1442 2006; x_wconf 82' lang='lat' dir='ltr'><strong>se</strong></span> <span class='ocrx_word' id='word_1_101' title='bbox 1467 1959 1603 2007; x_wconf 88' lang='lat' dir='ltr'><strong>non</strong></span> <span class='ocrx_word' id='word_1_102' title='bbox 1625 1939 2015 2006; x_wconf 88' lang='lat' dir='ltr'><strong>meminisse</strong></span> <span class='ocrx_word' id='word_1_103' title='bbox 2030 1939 2239 2004; x_wconf 87' lang='lat' dir='ltr'><strong>alium</strong></span> <span class='ocrx_word' id='word_1_104' title='bbox 2256 1937 2542 2022; x_wconf 83' lang='lat' dir='ltr'><strong>propius</strong></span> 
     </span>
     <span class='ocr_line' id='line_1_16' title="bbox 322 2031 2541 2128; baseline 0.003 -30"><span class='ocrx_word' id='word_1_105' title='bbox 322 2031 416 2098; x_wconf 88' lang='lat' dir='ltr'><strong>ab</strong></span> <span class='ocrx_word' id='word_1_106' title='bbox 457 2033 828 2122; x_wconf 81' lang='lat' dir='ltr'><strong>archetypo</strong></span> <span class='ocrx_word' id='word_1_107' title='bbox 860 2037 1212 2107; x_wconf 88' lang='lat' dir='ltr'><strong>Puteaueo</strong></span> <span class='ocrx_word' id='word_1_108' title='bbox 1241 2041 1594 2109; x_wconf 82' lang='lat' dir='ltr'><strong>dissidere.</strong></span> <span class='ocrx_word' id='word_1_109' title='bbox 1682 2041 2011 2128; x_wconf 86' lang='lat' dir='ltr'><strong>Ejusdem</strong></span> <span class='ocrx_word' id='word_1_110' title='bbox 2040 2039 2405 2124; x_wconf 82' lang='lat' dir='ltr'><strong>Excerpta,</strong></span> <span class='ocrx_word' id='word_1_111' title='bbox 2450 2038 2541 2105; x_wconf 84' lang='lat' dir='ltr'><strong>ad</strong></span> 
     </span>
     <span class='ocr_line' id='line_1_17' title="bbox 319 2139 2545 2231; baseline 0.005 -31"><span class='ocrx_word' id='word_1_112' title='bbox 319 2154 514 2202; x_wconf 86' lang='lat' dir='ltr'><strong>oram</strong></span> <span class='ocrx_word' id='word_1_113' title='bbox 553 2139 816 2209; x_wconf 81' lang='lat' dir='ltr'><strong>ultimae</strong></span> <span class='ocrx_word' id='word_1_114' title='bbox 858 2144 1176 2210; x_wconf 83' lang='lat' dir='ltr'><strong>editionis</strong></span> <span class='ocrx_word' id='word_1_115' title='bbox 1204 2145 1659 2212; x_wconf 75' lang='lat' dir='ltr'><strong>Gronovianae</strong></span> <span class='ocrx_word' id='word_1_116' title='bbox 1704 2147 2021 2231; x_wconf 82' lang='lat' dir='ltr'><strong>ascripta,</strong></span> <span class='ocrx_word' id='word_1_117' title='bbox 2061 2145 2347 2226; x_wconf 83' lang='lat' dir='ltr'><strong>benigne</strong></span> <span class='ocrx_word' id='word_1_118' title='bbox 2373 2141 2545 2208; x_wconf 86' lang='lat' dir='ltr'><strong>mihi</strong></span> 
     </span>
     <span class='ocr_line' id='line_1_18' title="bbox 322 2239 2541 2332; baseline 0.004 -30"><span class='ocrx_word' id='word_1_119' title='bbox 322 2239 576 2304; x_wconf 85' lang='lat' dir='ltr'><strong>obtulit</strong></span> <span class='ocrx_word' id='word_1_120' title='bbox 599 2241 1062 2328; x_wconf 79' lang='lat' dir='ltr'><strong>Jos.Wasse;</strong></span> <span class='ocrx_word' id='word_1_121' title='bbox 1109 2247 1285 2312; x_wconf 89' lang='lat' dir='ltr'><strong>unde</strong></span> <span class='ocrx_word' id='word_1_122' title='bbox 1315 2249 1796 2329; x_wconf 85' lang='lat' dir='ltr'><strong>testimonium,</strong></span> <span class='ocrx_word' id='word_1_123' title='bbox 1837 2247 2017 2332; x_wconf 89' lang='lat' dir='ltr'><strong>quod</strong></span> <span class='ocrx_word' id='word_1_124' title='bbox 2048 2244 2445 2312; x_wconf 81' lang='lat' dir='ltr'><strong>Gronovius</strong></span> <span class='ocrx_word' id='word_1_125' title='bbox 2475 2244 2541 2310; x_wconf 89' lang='lat' dir='ltr'><strong>ei</strong></span> 
     </span>
    </p>
   </div>
   <div class='ocr_carea' id='block_1_5' title="bbox 319 2339 2541 2531">
    <p class='ocr_par' dir='ltr' id='par_1_6' title="bbox 319 2339 2541 2531">
     <span class='ocr_line' id='line_1_19' title="bbox 323 2339 2541 2438; baseline 0.004 -33"><span class='ocrx_word' id='word_1_126' title='bbox 323 2339 527 2415; x_wconf 82' lang='lat' dir='ltr'><strong>dixit,</strong></span> <span class='ocrx_word' id='word_1_127' title='bbox 547 2345 990 2430; x_wconf 86' lang='lat' dir='ltr'><strong>verissimum,</strong></span> <span class='ocrx_word' id='word_1_128' title='bbox 1015 2357 1084 2417; x_wconf 87' lang='lat' dir='ltr'><strong>et</strong></span> <span class='ocrx_word' id='word_1_129' title='bbox 1100 2350 1346 2417; x_wconf 85' lang='lat' dir='ltr'><strong>librum</strong></span> <span class='ocrx_word' id='word_1_130' title='bbox 1376 2350 1555 2417; x_wconf 84' lang='lat' dir='ltr'><strong>hune</strong></span> <span class='ocrx_word' id='word_1_131' title='bbox 1584 2350 1859 2438; x_wconf 75' lang='lat' dir='ltr'><strong>optimae</strong></span> <span class='ocrx_word' id='word_1_132' title='bbox 1889 2355 2075 2415; x_wconf 79' lang='lat' dir='ltr'><strong>notae</strong></span> <span class='ocrx_word' id='word_1_133' title='bbox 2096 2366 2248 2413; x_wconf 87' lang='lat' dir='ltr'><strong>esse</strong></span> <span class='ocrx_word' id='word_1_134' title='bbox 2278 2348 2541 2433; x_wconf 80' lang='lat' dir='ltr'><strong>passim</strong></span> 
     </span>
     <span class='ocr_line' id='line_1_20' title="bbox 319 2450 884 2531; baseline 0.018 -22"><span class='ocrx_word' id='word_1_135' title='bbox 319 2454 651 2531; x_wconf 84' lang='lat' dir='ltr'><strong>expertus</strong></span> <span class='ocrx_word' id='word_1_136' title='bbox 681 2450 884 2518; x_wconf 88' lang='lat' dir='ltr'><strong>snm.’</strong></span> 
     </span>
    </p>
   </div>
   <div class='ocr_carea' id='block_1_6' title="bbox 1127 2624 1729 2691">
    <p class='ocr_par' dir='ltr' id='par_1_7' title="bbox 1127 2624 1729 2691">
     <span class='ocr_line' id='line_1_21' title="bbox 1127 2624 1729 2691; baseline -0.003 0"><span class='ocrx_word' id='word_1_137' title='bbox 1127 2624 1338 2691; x_wconf 71' lang='lat' dir='ltr'><strong>Codex</strong></span> <span class='ocrx_word' id='word_1_138' title='bbox 1373 2624 1729 2691; x_wconf 74' lang='lat' dir='ltr'><strong>Edinensis.</strong></span> 
     </span>
    </p>
   </div>
   <div class='ocr_carea' id='block_1_7' title="bbox 308 2774 2539 3591">
    <p class='ocr_par' dir='ltr' id='par_1_8' title="bbox 308 2774 2539 3591">
     <span class='ocr_line' id='line_1_22' title="bbox 405 2774 2537 2865; baseline 0 -24"><span class='ocrx_word' id='word_1_139' title='bbox 405 2774 496 2841; x_wconf 87' lang='lat' dir='ltr'><strong>In</strong></span> <span class='ocrx_word' id='word_1_140' title='bbox 543 2774 939 2845; x_wconf 71' lang='lat' dir='ltr'><strong>Bibliotheca</strong></span> <span class='ocrx_word' id='word_1_141' title='bbox 985 2776 1454 2845; x_wconf 76' lang='lat' dir='ltr'><strong>Advocatomm</strong></span> <span class='ocrx_word' id='word_1_142' title='bbox 1509 2778 1753 2845; x_wconf 85' lang='lat' dir='ltr'><strong>Edinb.</strong></span> <span class='ocrx_word' id='word_1_143' title='bbox 1812 2780 2035 2846; x_wconf 80' lang='lat' dir='ltr'><strong>versio</strong></span> <span class='ocrx_word' id='word_1_144' title='bbox 2080 2786 2189 2846; x_wconf 86' lang='lat' dir='ltr'><strong>est</strong></span> <span class='ocrx_word' id='word_1_145' title='bbox 2237 2781 2537 2865; x_wconf 89' lang='lat' dir='ltr'><strong>quinque</strong></span> 
     </span>
     <span class='ocr_line' id='line_1_23' title="bbox 315 2878 2536 2967; baseline 0.002 -24"><span class='ocrx_word' id='word_1_146' title='bbox 315 2878 614 2963; x_wconf 82' lang='lat' dir='ltr'><strong>priorum</strong></span> <span class='ocrx_word' id='word_1_147' title='bbox 667 2883 1020 2949; x_wconf 84' lang='lat' dir='ltr'><strong>Librorum</strong></span> <span class='ocrx_word' id='word_1_148' title='bbox 1069 2882 1268 2955; x_wconf 83' lang='lat' dir='ltr'><strong>Livii,</strong></span> <span class='ocrx_word' id='word_1_149' title='bbox 1317 2882 1699 2959; x_wconf 80' lang='lat' dir='ltr'><strong>chartacea,</strong></span> <span class='ocrx_word' id='word_1_150' title='bbox 1750 2882 1966 2947; x_wconf 88' lang='lat' dir='ltr'><strong>nitida</strong></span> <span class='ocrx_word' id='word_1_151' title='bbox 2011 2902 2215 2947; x_wconf 87' lang='lat' dir='ltr'><strong>manu</strong></span> <span class='ocrx_word' id='word_1_152' title='bbox 2261 2884 2536 2967; x_wconf 80' lang='lat' dir='ltr'><strong>scripta,</strong></span> 
     </span>
     <span class='ocr_line' id='line_1_24' title="bbox 321 2980 2534 3067; baseline 0.002 -22"><span class='ocrx_word' id='word_1_153' title='bbox 321 2980 680 3067; x_wconf 81' lang='lat' dir='ltr'><strong>interprete</strong></span> <span class='ocrx_word' id='word_1_154' title='bbox 709 2986 981 3054; x_wconf 82' lang='lat' dir='ltr'><strong>Joanne</strong></span> <span class='ocrx_word' id='word_1_155' title='bbox 1020 2986 1460 3065; x_wconf 88' lang='lat' dir='ltr'><strong>Bellendeno,</strong></span> <span class='ocrx_word' id='word_1_156' title='bbox 1490 2992 1559 3051; x_wconf 89' lang='lat' dir='ltr'><strong>et</strong></span> <span class='ocrx_word' id='word_1_157' title='bbox 1592 2986 1665 3049; x_wconf 91' lang='lat' dir='ltr'><strong>in</strong></span> <span class='ocrx_word' id='word_1_158' title='bbox 1698 2984 2019 3051; x_wconf 86' lang='lat' dir='ltr'><strong>Dialecto</strong></span> <span class='ocrx_word' id='word_1_159' title='bbox 2049 2985 2324 3050; x_wconf 85' lang='lat' dir='ltr'><strong>Scotica</strong></span> <span class='ocrx_word' id='word_1_160' title='bbox 2352 3004 2397 3049; x_wconf 91' lang='lat' dir='ltr'><strong>a</strong></span> <span class='ocrx_word' id='word_1_161' title='bbox 2418 2984 2534 3049; x_wconf 83' lang='lat' dir='ltr'><strong>Jo.</strong></span> 
     </span>
     <span class='ocr_line' id='line_1_25' title="bbox 320 3083 2539 3176; baseline 0.001 -25"><span class='ocrx_word' id='word_1_162' title='bbox 320 3083 760 3169; x_wconf 86' lang='lat' dir='ltr'><strong>Bellendeno,</strong></span> <span class='ocrx_word' id='word_1_163' title='bbox 811 3091 1010 3176; x_wconf 86' lang='lat' dir='ltr'><strong>jussu</strong></span> <span class='ocrx_word' id='word_1_164' title='bbox 1059 3090 1309 3157; x_wconf 82' lang='lat' dir='ltr'><strong>Jacobi</strong></span> <span class='ocrx_word' id='word_1_165' title='bbox 1352 3090 1447 3156; x_wconf 89' lang='lat' dir='ltr'><strong>V.</strong></span> <span class='ocrx_word' id='word_1_166' title='bbox 1489 3090 1726 3173; x_wconf 80' lang='lat' dir='ltr'><strong>Regis.</strong></span> <span class='ocrx_word' id='word_1_167' title='bbox 1824 3087 2120 3155; x_wconf 83' lang='lat' dir='ltr'><strong>Notatur</strong></span> <span class='ocrx_word' id='word_1_168' title='bbox 2168 3108 2213 3155; x_wconf 88' lang='lat' dir='ltr'><strong>a</strong></span> <span class='ocrx_word' id='word_1_169' title='bbox 2268 3086 2539 3153; x_wconf 71' lang='lat' dir='ltr'><strong>Ioanne</strong></span> 
     </span>
     <span class='ocr_line' id='line_1_26' title="bbox 315 3188 2537 3278; baseline -0 -23"><span class='ocrx_word' id='word_1_170' title='bbox 315 3188 618 3276; x_wconf 63' lang='lat' dir='ltr'><strong>Iaeydem</strong></span> <span class='ocrx_word' id='word_1_171' title='bbox 653 3191 854 3259; x_wconf 74' lang='lat' dir='ltr'><strong>MJ).</strong></span> <span class='ocrx_word' id='word_1_172' title='bbox 897 3196 968 3259; x_wconf 87' lang='lat' dir='ltr'><strong>in</strong></span> <span class='ocrx_word' id='word_1_173' title='bbox 1014 3194 1216 3261; x_wconf 79' lang='lat' dir='ltr'><strong>Praes.</strong></span> <span class='ocrx_word' id='word_1_174' title='bbox 1269 3201 1342 3261; x_wconf 91' lang='lat' dir='ltr'><strong>to</strong></span> <span class='ocrx_word' id='word_1_175' title='bbox 1386 3192 1537 3260; x_wconf 83' lang='lat' dir='ltr'><strong>The</strong></span> <span class='ocrx_word' id='word_1_176' title='bbox 1581 3192 2008 3278; x_wconf 80' lang='lat' dir='ltr'><strong>complaints</strong></span> <span class='ocrx_word' id='word_1_177' title='bbox 2050 3191 2133 3255; x_wconf 84' lang='lat' dir='ltr'><strong>of</strong></span> <span class='ocrx_word' id='word_1_178' title='bbox 2178 3188 2537 3268; x_wconf 85' lang='lat' dir='ltr'><strong>Seotland,</strong></span> 
     </span>
     <span class='ocr_line' id='line_1_27' title="bbox 317 3292 2537 3379; baseline -0.001 -19"><span class='ocrx_word' id='word_1_179' title='bbox 317 3293 571 3361; x_wconf 84' lang='lat' dir='ltr'><strong>Edinb.</strong></span> <span class='ocrx_word' id='word_1_180' title='bbox 599 3294 796 3363; x_wconf 77' lang='lat'><strong>1818.</strong></span> <span class='ocrx_word' id='word_1_181' title='bbox 885 3297 1029 3362; x_wconf 89' lang='lat' dir='ltr'><strong>Hie</strong></span> <span class='ocrx_word' id='word_1_182' title='bbox 1071 3297 1524 3362; x_wconf 86' lang='lat' dir='ltr'><strong>Bellendenus</strong></span> <span class='ocrx_word' id='word_1_183' title='bbox 1568 3316 1709 3363; x_wconf 89' lang='lat' dir='ltr'><strong>non</strong></span> <span class='ocrx_word' id='word_1_184' title='bbox 1754 3296 1935 3361; x_wconf 89' lang='lat' dir='ltr'><strong>idem</strong></span> <span class='ocrx_word' id='word_1_185' title='bbox 1964 3301 2091 3373; x_wconf 86' lang='lat' dir='ltr'><strong>est,</strong></span> <span class='ocrx_word' id='word_1_186' title='bbox 2134 3294 2333 3379; x_wconf 87' lang='lat' dir='ltr'><strong>eujus</strong></span> <span class='ocrx_word' id='word_1_187' title='bbox 2362 3292 2537 3373; x_wconf 78' lang='lat' dir='ltr'><strong>(Gu-</strong></span> 
     </span>
     <span class='ocr_line' id='line_1_28' title="bbox 310 3396 2537 3480; baseline 0 -18"><span class='ocrx_word' id='word_1_188' title='bbox 310 3398 558 3480; x_wconf 87' lang='lat' dir='ltr'><strong>lielmi)</strong></span> <span class='ocrx_word' id='word_1_189' title='bbox 583 3398 850 3476; x_wconf 88' lang='lat' dir='ltr'><strong>librum,</strong></span> <span class='ocrx_word' id='word_1_190' title='bbox 873 3398 982 3467; x_wconf 90' lang='lat' dir='ltr'><strong>De</strong></span> <span class='ocrx_word' id='word_1_191' title='bbox 1015 3400 1212 3467; x_wconf 82' lang='lat' dir='ltr'><strong>Statu</strong></span> <span class='ocrx_word' id='word_1_192' title='bbox 1229 3400 1416 3465; x_wconf 85' lang='lat' dir='ltr'><strong>Libri</strong></span> <span class='ocrx_word' id='word_1_193' title='bbox 1445 3408 1606 3479; x_wconf 90' lang='lat' dir='ltr'><strong>tres,</strong></span> <span class='ocrx_word' id='word_1_194' title='bbox 1629 3401 1733 3467; x_wconf 78' lang='lat' dir='ltr'><strong>vir</strong></span> <span class='ocrx_word' id='word_1_195' title='bbox 1764 3400 2007 3465; x_wconf 88' lang='lat' dir='ltr'><strong>doctus</strong></span> <span class='ocrx_word' id='word_1_196' title='bbox 2034 3398 2321 3465; x_wconf 86' lang='lat' dir='ltr'><strong>Samuel.</strong></span> <span class='ocrx_word' id='word_1_197' title='bbox 2342 3396 2537 3464; x_wconf 74' lang='lat' dir='ltr'><strong>Parr-</strong></span> 
     </span>
     <span class='ocr_line' id='line_1_29' title="bbox 308 3499 2533 3591; baseline 0 -21"><span class='ocrx_word' id='word_1_198' title='bbox 308 3502 608 3589; x_wconf 81' lang='lat' dir='ltr'><strong>Anglice</strong></span> <span class='ocrx_word' id='word_1_199' title='bbox 635 3504 870 3581; x_wconf 66' lang='grc' dir='ltr'><strong>νει-Εἰς</strong></span> <span class='ocrx_word' id='word_1_200' title='bbox 913 3502 1036 3571; x_wconf 86' lang='lat' dir='ltr'><strong>sed</strong></span> <span class='ocrx_word' id='word_1_201' title='bbox 1064 3499 1356 3583; x_wconf 78' lang='lat' dir='ltr'><strong>Joannis,</strong></span> <span class='ocrx_word' id='word_1_202' title='bbox 1388 3504 1474 3571; x_wconf 91' lang='lat' dir='ltr'><strong>de</strong></span> <span class='ocrx_word' id='word_1_203' title='bbox 1503 3512 1640 3591; x_wconf 79' lang='lat' dir='ltr'><strong>quo</strong></span> <span class='ocrx_word' id='word_1_204' title='bbox 1665 3504 1883 3589; x_wconf 87' lang='lat' dir='ltr'><strong>magis</strong></span> <span class='ocrx_word' id='word_1_205' title='bbox 1910 3504 2040 3570; x_wconf 85' lang='lat' dir='ltr'><strong>sub</strong></span> <span class='ocrx_word' id='word_1_206' title='bbox 2068 3502 2533 3571; x_wconf 83' lang='lat' dir='ltr'><strong>Editionibus.</strong></span> 
     </span>
    </p>
   </div>
  </div>
 </body>
</html>
