3050 4800
529 361 748 428 lm
1195 373 1587 426 necessus
1640 375 2073 425 nni-riorum

507 522 768 600 sigism.
800 518 1238 600 Feyersbendt,
1265 520 1498 580 duobus
1519 519 1715 580 tomis.
1799 518 1877 579 In
1914 521 2062 580 tomi
2091 535 2139 581 ι.
2164 518 2345 599 hujus
2366 517 2519 592 odiu
2548 517 2729 578 titulo

527 619 636 679 illa
664 617 1020 677 adscribitur
1044 627 1208 688 note,
1257 625 1275 652 ‘
1296 616 1673 679 Francofurti
1706 616 1785 678 nd
1826 615 2103 677 Moenum
2132 616 2293 697 apud
2331 615 2626 676 Josnnem
2664 625 2730 674 et

531 714 978 795 Sigismundum
1021 714 1458 796 Feyersbendt.
1508 715 1915 776 Manxv11.’
1982 714 2091 776 Ad
2118 713 2295 775 finem
2318 713 2729 784 dedicationis,

529 817 760 877 inverso
785 813 1012 884 ordine,
1039 823 1432 874 memorantur
1473 821 1492 849 ‘
1517 811 1926 895 sigismundus
1949 823 2011 873 et
2028 812 2291 874 Joannes
2311 810 2730 892 Feyerebendt

525 911 806 991 cognati)
885 911 1116 971 Ecdem
1163 911 1370 972 iterum
1407 911 1585 972 modo
1634 911 1713 972 sd
1746 911 1927 973 finem
1972 914 2147 994 primi
2186 921 2249 972 et
2286 912 2531 973 secundi
2558 910 2727 976 tomi»

527 1019 548 1050 ‘
575 1010 938 1090 Impressum
979 1008 1354 1071 Francofurti
1381 1010 1458 1070 sd
1489 1011 1779 1080 Moenum,
1816 1009 1974 1090 apud
2016 1009 2339 1088 Georgium
2374 1009 2725 1080 Corvinum,
2788 1051 2793 1054 -

525 1107 808 1189 impensis
848 1105 1210 1186 Sigismuudi
1255 1114 1316 1167 et
1349 1105 1643 1168 Johannis
1672 1105 2257 1186 Feyrubendinorum
2288 1107 2731 1166 Mntxxvul?

529 1204 838 1286 Repetitio
863 1213 954 1264 est
973 1223 1136 1265 mera
1161 1204 1256 1266 ed.
1288 1204 1662 1266 Francofurt.
1688 1220 1737 1266 1.
1770 1203 2293 1284 Feyerabendinae.

863 1529 1109 1590 AETAS
1155 1529 1283 1593 IV.
1367 1525 2385 1597 Momo-GRUTERIANA,

1413 1650 1838 1705 1588—1645.
1874 1697 1877 1700 .

527 1884 596 1946 A
627 1885 843 1946 Frnnc.
865 1884 1104 1957 Medio,
1131 1886 1236 1967 qui
1263 1887 1342 1947 sb
1369 1905 1467 1946 an.
1497 1891 1679 1948 1586.
1708 1895 2003 1948 corrector
2030 1883 2437 1966 typographia
2466 1883 2728 1962 Feyers-

527 1983 800 2044 bendinae
845 1983 1079 2045 Livium
1125 1983 1322 2044 denuo
1347 1983 1426 2044 sd
1455 1983 1607 2045 Mss.
1637 1982 1834 2044 codd.
1862 1984 1920 2043 in
1947 1983 2043 2042 his
2069 1981 2479 2060 Moguntinos,
2520 1999 2729 2040 recen—
2827 1999 2836 2004 ’

526 2081 668 2152 suit,
693 2103 946 2162 suusque
999 2091 1172 2142 notus
1213 2081 1715 2162 Feyernbendinae
1743 2097 1853 2141 111.
1880 2101 1937 2140 c.
1964 2100 2023 2140 n.
2050 2099 2205 2140 verr.
2235 2077 2484 2158 adjecit,
2524 2075 2629 2136 sed
2664 2085 2731 2137 et

525 2179 676 2239 dues
695 2180 847 2240 elias
865 2180 1106 2240 minoris
1124 2178 1327 2240 formoe
1349 2178 1560 2240 eodem
1580 2199 1737 2242 enno
1750 2179 1982 2240 curavit
2000 2199 2017 2248 ς
2060 2187 2187 2237 tum
2208 2197 2245 2235 a
2262 2174 2421 2234 June
2438 2173 2727 2244 Gruter-o,

531 2277 640 2356 qui
667 2276 744 2336 ab
771 2295 870 2336 nn.
907 2282 1080 2338 1606.
1111 2276 1342 2336 Livium
1369 2295 1449 2338 ex
1477 2275 1848 2356 Codd.2Pai.
1876 2285 1941 2335 et
1962 2273 2101 2334 edd.
2124 2272 2483 2354 principibus
2498 2291 2728 2352 susque

529 2374 818 2435 doctrinae
842 2374 1066 2440 ratione
1094 2375 1406 2447 recensuit,
1433 2375 1615 2454 inque
1654 2365 1857 2456 capite
1890 2372 2115 2443 divisit,
2158 2371 2369 2431 iterum
2404 2387 2501 2431 su.
2542 2375 2727 2431 1619.

527 2480 842 2551 utrumque
867 2472 990 2531 sine
1015 2472 1192 2541 notis,
1217 2479 1283 2531 et
1311 2472 1757 2541 lsswqtertium
1782 2470 2076 2531 recensuit
2118 2468 2388 2547 notisque
2414 2466 2588 2527 suxit
2610 2466 2727 2526 cri·

525 2568 664 2627 ticis
703 2577 766 2625 et
807 2567 1087 2647 politicis,
1129 2588 1376 2648 querum
1421 2568 1671 2649 primam
1710 2568 1911 2649 inepte
1956 2565 2249 2646 expressit
2293 2564 2581 2625 Psi-isius.
2624 2582 2723 2625 nn.

529 2665 711 2723 1662.
729 2664 968 2723 tertiam
987 2662 1124 2723 aliae
1137 2662 1300 2735 dein,
1319 2666 1504 2724 etism
1527 2664 1905 2723 Eizeviriana
1923 2668 2104 2723 1634.
2122 2661 2221 2721 cui
2244 2660 2408 2721 Dan.
2431 2660 2729 2721 Heinsius

529 2758 812 2840 praefstus
836 2768 948 2820 est.
1031 2758 1280 2821 Novam
1327 2770 1461 2841 post
1485 2762 1625 2823 illos
1662 2760 2003 2821 duumviros
2034 2759 2429 2819 recensionem
2472 2758 2727 2819 instituit

525 2854 630 2915 Jo.
661 2856 829 2919 Frid.
861 2856 1222 2929 Gronovius,
1253 2877 1423 2919 novoe
1448 2859 1643 2919 oetntis
1670 2859 1965 2939 Princeps
1990 2856 2239 2917 futurus.

606 2960 767 3017 1588
807 2953 1180 3018 ancefurt.
1210 2954 1705 3037 Feyerebendina
1732 2972 1842 3016 111.
1872 2976 1921 3016 s.
1949 2952 2145 3019 Modii
2170 2970 2217 3013 1.
2243 2974 2259 3012 ε
2298 2952 2373 3013 Τ.
2397 2951 2549 3013 Livii
2569 2952 2727 3015 Pet.

529 3048 973 3113 Historicorum
1000 3052 1186 3113 Rom.
1212 3052 1518 3133 Principis
1543 3053 1709 3112 Libri
1734 3071 1935 3114 omnes
1958 3052 2317 3130 superstites,
2346 3049 2631 3129 recogniti
2662 3059 2730 3110 et

523 3148 824 3208 emendati
859 3150 939 3209 ed
983 3149 1134 3209 Mes.
1161 3148 1456 3209 Codicum
1486 3148 1893 3217 Fuldensiuu„
1920 3145 2490 3224 Moguntinensium,
2518 3157 2581 3205 et
2606 3144 2729 3206 Co·

527 3243 876 3305 loniensium
901 3244 1080 3305 fidem
1127 3264 1167 3305 s
1209 3245 1424 3308 Frsnc.
1463 3243 1700 3305 Medio.
1740 3243 1847 3305 fol.
1894 3244 2171 3324 impensis
2216 3242 2455 3323 Sigism.
2502 3242 2727 3325 Feyer·

530 3340 767 3401 abendii
794 3351 858 3402 et
879 3342 1188 3403 sociorum.
1275 3341 1378 3429 E‚¹
1401 3341 1599 3411 titulo,
1639 3340 1859 3401 Grellii
1894 3340 2331 3420 Chronologiae,
2370 3352 2433 3401 et
2474 3339 2725 3403 eliorum

514 3437 784 3511 .vir0rum
808 3439 1116 3500 doctorum
1141 3438 1653 3500 Annotstionibus
1670 3438 1943 3519 praefixo,
1990 3447 2054 3498 et
2086 3458 2164 3499 ex
2206 3448 2349 3499 nota.
2388 3438 2464 3499 nd
2496 3438 2727 3499 calcem

528 3536 722 3617 operis
765 3535 946 3597 obvie,
997 3544 1252 3607 constat,
1307 3536 1524 3596 librum
1575 3538 1733 3598 hunc
1781 3555 2065 3597 excusum
2108 3556 2235 3596 esse
2280 3536 2440 3616 typis
2472 3535 2727 3596 Jonnnis

533 3630 853 3705 Wechelii,
879 3640 943 3693 et
969 3633 1246 3715 impensis
1273 3632 1637 3713 sigismundi
1665 3634 2120 3716 Feyerubendii‚
2162 3632 2419 3693 Heni-ici
2444 3632 2725 3704 Thaekii,

529 3737 592 3788 et
642 3728 812 3789 Petri
858 3730 1162 3801 Vischeri,
1211 3732 1523 3792 sociorum.
1608 3732 1887 3793 Ceterum
1932 3731 2195 3793 eontinet
2232 3728 2471 3810 quidem
2512 3730 2725 3791 eedem

529 3825 732 3888 omnis
751 3826 956 3899 ferme,
979 3848 1118 3908 quae
1143 3826 1549 3909 precedentes
1572 3828 1858 3890 editiones
1884 3829 2021 3889 anni
2059 3832 2239 3888 1568.
2286 3836 2352 3887 et
2384 3832 2567 3891 1578.
2610 3828 2725 3889 nisi

533 3923 698 4003 quod
735 3922 872 3985 huic
900 3925 1138 4007 insuper
1181 3936 1556 3987 accesserunt
1600 3935 1755 3986 notae
1798 3926 1981 4009 ipsius
2010 3924 2230 3994 Modii,
2257 3944 2377 3985 nne
2400 3944 2537 3985 eum
2562 3926 2723 4005 frng-

533 4021 746 4081 mentis
766 4024 1148 4083 vetustiorum
1191 4024 1603 4085 historicorum
1656 4027 1809 4105 (per.
1858 4024 2087 4087 Anton.
2132 4022 2553 4085 Riceobonum
2596 4023 2723 4085 col-

530 4117 752 4197 lectis),
778 4138 928 4199 quos
955 4119 1158 4181 Livius
1195 4130 1432 4182 secutus
1455 4132 1565 4182 est.

613 4250 697 4261 --
740 4214 1010 4280 Francos.
1059 4226 1120 4281 6.
1175 4217 1320 4281 voll.
1363 4234 1476 4282 111.
1517 4238 1595 4278 ex
1642 4216 1841 4279 Medii
1888 4218 2302 4299 recognitione.
2376 4218 2724 4283 Laudat-unt
