<?xml version="1.0" encoding="UTF-8"?>
<!DOCTYPE html PUBLIC "-//W3C//DTD XHTML 1.0 Transitional//EN"
    "http://www.w3.org/TR/xhtml1/DTD/xhtml1-transitional.dtd">
<html xmlns="http://www.w3.org/1999/xhtml" xml:lang="en" lang="en">
 <head>
  <title>
</title>
<meta http-equiv="Content-Type" content="text/html;charset=utf-8" />
  <meta name='ocr-system' content='tesseract 3.04.00' />
  <meta name='ocr-capabilities' content='ocr_page ocr_carea ocr_par ocr_line ocrx_word'/>
</head>
<body>
  <div class='ocr_page' id='page_1' title='image "./tliviipatavinih32unkngoog/tliviipatavinih32unkngoog_0047.png"; bbox 0 0 3050 4800; ppageno 0'>
   <div class='ocr_carea' id='block_1_1' title="bbox 1317 351 2579 422">
    <p class='ocr_par' dir='ltr' id='par_1_1' title="bbox 1317 351 2579 422">
     <span class='ocr_line' id='line_1_1' title="bbox 1317 351 2579 422; baseline 0.011 -15"><span class='ocrx_word' id='word_1_1' title='bbox 1317 359 1387 414; x_wconf 75' lang='grc' dir='ltr'>τ.</span> <span class='ocrx_word' id='word_1_2' title='bbox 1439 360 1656 408; x_wconf 76' lang='lat' dir='ltr'>mvn.</span> <span class='ocrx_word' id='word_1_3' title='bbox 2364 351 2579 422; x_wconf 72' lang='lat'>12⁷6?</span> 
     </span>
    </p>
   </div>
   <div class='ocr_carea' id='block_1_2' title="bbox 367 503 2583 4375">
    <p class='ocr_par' dir='ltr' id='par_1_2' title="bbox 373 503 2583 1854">
     <span class='ocr_line' id='line_1_2' title="bbox 385 503 2578 593; baseline 0.006 -28"><span class='ocrx_word' id='word_1_4' title='bbox 385 506 652 578; x_wconf 65' lang='lat' dir='ltr'>latiores,</span> <span class='ocrx_word' id='word_1_5' title='bbox 678 505 841 586; x_wconf 85' lang='lat' dir='ltr'>quod</span> <span class='ocrx_word' id='word_1_6' title='bbox 880 525 1036 566; x_wconf 84' lang='lat' dir='ltr'>nuno</span> <span class='ocrx_word' id='word_1_7' title='bbox 1080 503 1320 566; x_wconf 85' lang='lat' dir='ltr'>demum</span> <span class='ocrx_word' id='word_1_8' title='bbox 1357 505 1438 568; x_wconf 80' lang='lat' dir='ltr'>ad</span> <span class='ocrx_word' id='word_1_9' title='bbox 1465 515 1687 568; x_wconf 77' lang='lat' dir='ltr'>vetera</span> <span class='ocrx_word' id='word_1_10' title='bbox 1719 505 2141 570; x_wconf 61' lang='lat' dir='ltr'>censuerimus</span> <span class='ocrx_word' id='word_1_11' title='bbox 2184 511 2578 593; x_wconf 76' lang='lat' dir='ltr'>exemplaria,</span> 
     </span>
     <span class='ocr_line' id='line_1_3' title="bbox 385 602 2583 687; baseline 0.002 -18"><span class='ocrx_word' id='word_1_12' title='bbox 385 607 492 670; x_wconf 74' lang='lat' dir='ltr'>ubi</span> <span class='ocrx_word' id='word_1_13' title='bbox 517 613 802 687; x_wconf 83' lang='lat' dir='ltr'>quantum</span> <span class='ocrx_word' id='word_1_14' title='bbox 827 602 916 680; x_wconf 71' lang='lat' dir='ltr'>sit</span> <span class='ocrx_word' id='word_1_15' title='bbox 941 602 1370 684; x_wconf 78' lang='lat' dir='ltr'>deprehensum</span> <span class='ocrx_word' id='word_1_16' title='bbox 1405 603 1769 676; x_wconf 83' lang='lat' dir='ltr'>mendorum,</span> <span class='ocrx_word' id='word_1_17' title='bbox 1794 603 1973 668; x_wconf 82' lang='lat' dir='ltr'>facile</span> <span class='ocrx_word' id='word_1_18' title='bbox 1994 606 2340 670; x_wconf 78' lang='lat' dir='ltr'>indicabunt</span> <span class='ocrx_word' id='word_1_19' title='bbox 2362 609 2583 674; x_wconf 71' lang='lat' dir='ltr'>doctis-</span> 
     </span>
     <span class='ocr_line' id='line_1_4' title="bbox 382 699 2579 781; baseline 0 -13"><span class='ocrx_word' id='word_1_20' title='bbox 382 707 548 768; x_wconf 66' lang='lat' dir='ltr'>simae</span> <span class='ocrx_word' id='word_1_21' title='bbox 585 705 644 764; x_wconf 89' lang='lat' dir='ltr'>in</span> <span class='ocrx_word' id='word_1_22' title='bbox 673 703 828 764; x_wconf 85' lang='lat' dir='ltr'>hunc</span> <span class='ocrx_word' id='word_1_23' title='bbox 863 709 1164 764; x_wconf 77' lang='lat' dir='ltr'>auctorem</span> <span class='ocrx_word' id='word_1_24' title='bbox 1193 701 1376 762; x_wconf 81' lang='lat' dir='ltr'>Beati</span> <span class='ocrx_word' id='word_1_25' title='bbox 1403 699 1687 762; x_wconf 82' lang='lat' dir='ltr'>Rhenani</span> <span class='ocrx_word' id='word_1_26' title='bbox 1712 711 1775 764; x_wconf 88' lang='lat' dir='ltr'>et</span> <span class='ocrx_word' id='word_1_27' title='bbox 1800 701 2159 781; x_wconf 74' lang='lat' dir='ltr'>sigismundi</span> <span class='ocrx_word' id='word_1_28' title='bbox 2192 703 2431 768; x_wconf 87' lang='lat' dir='ltr'>Gelenii</span> <span class='ocrx_word' id='word_1_29' title='bbox 2470 707 2579 768; x_wconf 83' lang='lat' dir='ltr'>ad-</span> 
     </span>
     <span class='ocr_line' id='line_1_5' title="bbox 373 796 2577 882; baseline 0.003 -20"><span class='ocrx_word' id='word_1_30' title='bbox 373 805 610 882; x_wconf 77' lang='lat' dir='ltr'>junctae</span> <span class='ocrx_word' id='word_1_31' title='bbox 647 799 1082 863; x_wconf 66' lang='lat' dir='ltr'><strong>annotationes.</strong></span> <span class='ocrx_word' id='word_1_32' title='bbox 1165 797 1406 861; x_wconf 83' lang='lat' dir='ltr'>Addita</span> <span class='ocrx_word' id='word_1_33' title='bbox 1425 809 1518 860; x_wconf 89' lang='lat' dir='ltr'>est</span> <span class='ocrx_word' id='word_1_34' title='bbox 1546 799 1955 878; x_wconf 74' lang='lat' dir='ltr'>chronologia</span> <span class='ocrx_word' id='word_1_35' title='bbox 1980 796 2239 862; x_wconf 84' lang='lat' dir='ltr'>Henrici</span> <span class='ocrx_word' id='word_1_36' title='bbox 2266 802 2577 878; x_wconf 66' lang='lat' dir='ltr'>Glanum,</span> 
     </span>
     <span class='ocr_line' id='line_1_6' title="bbox 385 895 2581 979; baseline 0.001 -19"><span class='ocrx_word' id='word_1_37' title='bbox 385 901 466 960; x_wconf 83' lang='lat' dir='ltr'>ab</span> <span class='ocrx_word' id='word_1_38' title='bbox 491 901 618 979; x_wconf 83' lang='lat' dir='ltr'>ipso</span> <span class='ocrx_word' id='word_1_39' title='bbox 633 897 938 976; x_wconf 73' lang='lat' dir='ltr'>recognita</span> <span class='ocrx_word' id='word_1_40' title='bbox 953 905 1016 957; x_wconf 85' lang='lat' dir='ltr'>et</span> <span class='ocrx_word' id='word_1_41' title='bbox 1042 905 1244 968; x_wconf 85' lang='lat' dir='ltr'>aucta,</span> <span class='ocrx_word' id='word_1_42' title='bbox 1263 916 1400 958; x_wconf 84' lang='lat' dir='ltr'>cum</span> <span class='ocrx_word' id='word_1_43' title='bbox 1429 895 1643 958; x_wconf 88' lang='lat' dir='ltr'>Indice</span> <span class='ocrx_word' id='word_1_44' title='bbox 1668 898 1935 978; x_wconf 82' lang='lat' dir='ltr'>copioso.</span> <span class='ocrx_word' id='word_1_45' title='bbox 1984 897 2245 960; x_wconf 75' lang='lat' dir='ltr'>Basileae</span> <span class='ocrx_word' id='word_1_46' title='bbox 2266 901 2325 963; x_wconf 84' lang='lat' dir='ltr'>in</span> <span class='ocrx_word' id='word_1_47' title='bbox 2344 899 2581 962; x_wconf 83' lang='lat' dir='ltr'>officina</span> 
     </span>
     <span class='ocr_line' id='line_1_7' title="bbox 383 991 2577 1063; baseline 0.003 -7"><span class='ocrx_word' id='word_1_48' title='bbox 383 996 760 1057; x_wconf 83' lang='lat' dir='ltr'>Frobeniana</span> <span class='ocrx_word' id='word_1_49' title='bbox 793 1013 952 1054; x_wconf 87' lang='lat' dir='ltr'>anno</span> <span class='ocrx_word' id='word_1_50' title='bbox 981 1009 1320 1054; x_wconf 74' lang='lat' dir='ltr'>Muxxxv.</span> <span class='ocrx_word' id='word_1_51' title='bbox 1364 991 1442 1054; x_wconf 87' lang='lat' dir='ltr'>In</span> <span class='ocrx_word' id='word_1_52' title='bbox 1467 992 1625 1056; x_wconf 85' lang='lat' dir='ltr'>fine:</span> <span class='ocrx_word' id='word_1_53' title='bbox 1670 1004 1687 1030; x_wconf 92' lang='lat'>‘</span> <span class='ocrx_word' id='word_1_54' title='bbox 1714 993 1975 1056; x_wconf 71' lang='lat' dir='ltr'>Basileae</span> <span class='ocrx_word' id='word_1_55' title='bbox 2004 994 2061 1055; x_wconf 89' lang='lat' dir='ltr'>in</span> <span class='ocrx_word' id='word_1_56' title='bbox 2088 994 2327 1058; x_wconf 75' lang='lat' dir='ltr'>officina</span> <span class='ocrx_word' id='word_1_57' title='bbox 2354 997 2577 1063; x_wconf 79' lang='lat' dir='ltr'>Frobe-</span> 
     </span>
     <span class='ocr_line' id='line_1_8' title="bbox 379 1089 2579 1174; baseline 0.001 -20"><span class='ocrx_word' id='word_1_58' title='bbox 379 1095 562 1154; x_wconf 81' lang='lat' dir='ltr'>niana</span> <span class='ocrx_word' id='word_1_59' title='bbox 611 1113 716 1172; x_wconf 82' lang='lat' dir='ltr'>per</span> <span class='ocrx_word' id='word_1_60' title='bbox 765 1090 1206 1170; x_wconf 74' lang='lat' dir='ltr'>Hieronymum</span> <span class='ocrx_word' id='word_1_61' title='bbox 1255 1089 1617 1152; x_wconf 84' lang='lat' dir='ltr'>Frobenium</span> <span class='ocrx_word' id='word_1_62' title='bbox 1680 1099 1745 1152; x_wconf 76' lang='lat' dir='ltr'>et</span> <span class='ocrx_word' id='word_1_63' title='bbox 1802 1090 2133 1154; x_wconf 74' lang='lat' dir='ltr'>Nicolaum</span> <span class='ocrx_word' id='word_1_64' title='bbox 2192 1093 2579 1174; x_wconf 76' lang='lat' dir='ltr'>Episcopium</span> 
     </span>
     <span class='ocr_line' id='line_1_9' title="bbox 381 1188 2579 1256; baseline 0.003 -6"><span class='ocrx_word' id='word_1_65' title='bbox 381 1210 584 1250; x_wconf 79' lang='lat' dir='ltr'>mense</span> <span class='ocrx_word' id='word_1_66' title='bbox 623 1189 948 1251; x_wconf 82' lang='lat' dir='ltr'>Decembri</span> <span class='ocrx_word' id='word_1_67' title='bbox 972 1206 1072 1250; x_wconf 82' lang='lat' dir='ltr'>an.</span> <span class='ocrx_word' id='word_1_68' title='bbox 1103 1189 1496 1252; x_wconf 59' lang='lat' dir='ltr'>mcxxxiv)</span> <span class='ocrx_word' id='word_1_69' title='bbox 1560 1188 1848 1251; x_wconf 77' lang='lat' dir='ltr'>Continet</span> <span class='ocrx_word' id='word_1_70' title='bbox 1890 1199 2091 1250; x_wconf 81' lang='lat' dir='ltr'>autem</span> <span class='ocrx_word' id='word_1_71' title='bbox 2118 1190 2249 1250; x_wconf 76' lang='lat' dir='ltr'>haee</span> <span class='ocrx_word' id='word_1_72' title='bbox 2274 1191 2373 1252; x_wconf 87' lang='lat' dir='ltr'>ed.</span> <span class='ocrx_word' id='word_1_73' title='bbox 2392 1191 2579 1256; x_wconf 79' lang='lat' dir='ltr'>ferme</span> 
     </span>
     <span class='ocr_line' id='line_1_10' title="bbox 377 1285 2579 1371; baseline 0.002 -23"><span class='ocrx_word' id='word_1_74' title='bbox 377 1287 612 1358; x_wconf 84' lang='lat' dir='ltr'>eadem,</span> <span class='ocrx_word' id='word_1_75' title='bbox 637 1307 775 1368; x_wconf 76' lang='lat' dir='ltr'>quoe</span> <span class='ocrx_word' id='word_1_76' title='bbox 803 1285 1182 1349; x_wconf 78' lang='lat' dir='ltr'>Frobeniana</span> <span class='ocrx_word' id='word_1_77' title='bbox 1207 1305 1262 1346; x_wconf 83' lang='lat' dir='ltr'>a.</span> <span class='ocrx_word' id='word_1_78' title='bbox 1293 1293 1470 1348; x_wconf 76' lang='lat'>15³1.</span> <span class='ocrx_word' id='word_1_79' title='bbox 1503 1287 1615 1346; x_wconf 78' lang='lat' dir='ltr'>nisi</span> <span class='ocrx_word' id='word_1_80' title='bbox 1641 1287 1803 1368; x_wconf 85' lang='lat' dir='ltr'>quod</span> <span class='ocrx_word' id='word_1_81' title='bbox 1828 1287 1889 1347; x_wconf 90' lang='lat' dir='ltr'>in</span> <span class='ocrx_word' id='word_1_82' title='bbox 1911 1287 2023 1346; x_wconf 86' lang='lat' dir='ltr'>hac</span> <span class='ocrx_word' id='word_1_83' title='bbox 2038 1289 2173 1366; x_wconf 82' lang='lat' dir='ltr'>jam</span> <span class='ocrx_word' id='word_1_84' title='bbox 2192 1289 2445 1368; x_wconf 83' lang='lat' dir='ltr'>primum</span> <span class='ocrx_word' id='word_1_85' title='bbox 2470 1311 2579 1371; x_wconf 79' lang='lat' dir='ltr'>ap-</span> 
     </span>
     <span class='ocr_line' id='line_1_11' title="bbox 379 1381 2579 1466; baseline 0.001 -21"><span class='ocrx_word' id='word_1_86' title='bbox 379 1393 628 1464; x_wconf 81' lang='lat' dir='ltr'>pareant</span> <span class='ocrx_word' id='word_1_87' title='bbox 653 1384 734 1444; x_wconf 87' lang='lat' dir='ltr'>B.</span> <span class='ocrx_word' id='word_1_88' title='bbox 763 1382 1050 1444; x_wconf 84' lang='lat' dir='ltr'>Rhenani</span> <span class='ocrx_word' id='word_1_89' title='bbox 1076 1392 1140 1442; x_wconf 83' lang='lat' dir='ltr'>et</span> <span class='ocrx_word' id='word_1_90' title='bbox 1163 1381 1398 1462; x_wconf 73' lang='lat' dir='ltr'>Sigism.</span> <span class='ocrx_word' id='word_1_91' title='bbox 1429 1382 1673 1444; x_wconf 83' lang='lat' dir='ltr'>Gelenii</span> <span class='ocrx_word' id='word_1_92' title='bbox 1711 1385 1770 1444; x_wconf 90' lang='lat' dir='ltr'>in</span> <span class='ocrx_word' id='word_1_93' title='bbox 1818 1384 2051 1444; x_wconf 88' lang='lat' dir='ltr'>Livium</span> <span class='ocrx_word' id='word_1_94' title='bbox 2082 1394 2239 1446; x_wconf 78' lang='lat' dir='ltr'>notae</span> <span class='ocrx_word' id='word_1_95' title='bbox 2262 1406 2279 1455; x_wconf 79' lang='lat'><em>3</em></span> <span class='ocrx_word' id='word_1_96' title='bbox 2326 1396 2389 1447; x_wconf 91' lang='lat' dir='ltr'>et</span> <span class='ocrx_word' id='word_1_97' title='bbox 2414 1387 2579 1466; x_wconf 85' lang='lat' dir='ltr'>quod</span> 
     </span>
     <span class='ocr_line' id='line_1_12' title="bbox 379 1479 2580 1564; baseline 0.002 -22"><span class='ocrx_word' id='word_1_98' title='bbox 379 1481 676 1544; x_wconf 80' lang='lat' dir='ltr'>Glareani</span> <span class='ocrx_word' id='word_1_99' title='bbox 707 1479 1132 1558; x_wconf 72' lang='lat' dir='ltr'>chronologia,</span> <span class='ocrx_word' id='word_1_100' title='bbox 1161 1481 1240 1540; x_wconf 88' lang='lat' dir='ltr'>ab</span> <span class='ocrx_word' id='word_1_101' title='bbox 1267 1481 1396 1560; x_wconf 77' lang='lat' dir='ltr'>ipso</span> <span class='ocrx_word' id='word_1_102' title='bbox 1420 1483 1747 1560; x_wconf 76' lang='lat' dir='ltr'>recognita,</span> <span class='ocrx_word' id='word_1_103' title='bbox 1774 1483 2005 1544; x_wconf 81' lang='lat' dir='ltr'>auctior</span> <span class='ocrx_word' id='word_1_104' title='bbox 2032 1481 2303 1562; x_wconf 80' lang='lat' dir='ltr'>prodeat,</span> <span class='ocrx_word' id='word_1_105' title='bbox 2330 1503 2363 1542; x_wconf 76' lang='lat' dir='ltr'>a</span> <span class='ocrx_word' id='word_1_106' title='bbox 2392 1483 2580 1564; x_wconf 82' lang='lat' dir='ltr'>Troja</span> 
     </span>
     <span class='ocr_line' id='line_1_13' title="bbox 373 1575 2580 1661; baseline 0.003 -23"><span class='ocrx_word' id='word_1_107' title='bbox 373 1587 562 1660; x_wconf 79' lang='lat' dir='ltr'>capta</span> <span class='ocrx_word' id='word_1_108' title='bbox 599 1597 782 1658; x_wconf 81' lang='lat' dir='ltr'>usque</span> <span class='ocrx_word' id='word_1_109' title='bbox 809 1575 890 1637; x_wconf 85' lang='lat' dir='ltr'>ad</span> <span class='ocrx_word' id='word_1_110' title='bbox 913 1575 956 1636; x_wconf 84' lang='lat' dir='ltr'><strong>J</strong></span> <span class='ocrx_word' id='word_1_111' title='bbox 959 1577 1316 1637; x_wconf 84' lang='lat' dir='ltr'>ustinianum</span> <span class='ocrx_word' id='word_1_112' title='bbox 1344 1576 1665 1640; x_wconf 79' lang='lat' dir='ltr'>Caesarem.</span> <span class='ocrx_word' id='word_1_113' title='bbox 1766 1577 2049 1640; x_wconf 82' lang='lat' dir='ltr'>Testatur</span> <span class='ocrx_word' id='word_1_114' title='bbox 2092 1579 2327 1661; x_wconf 85' lang='lat' dir='ltr'>insuper</span> <span class='ocrx_word' id='word_1_115' title='bbox 2370 1581 2580 1644; x_wconf 82' lang='lat' dir='ltr'>titulus</span> 
     </span>
     <span class='ocr_line' id='line_1_14' title="bbox 373 1673 2576 1759; baseline 0.002 -21"><span class='ocrx_word' id='word_1_116' title='bbox 373 1677 438 1738; x_wconf 89' lang='lat' dir='ltr'>h.</span> <span class='ocrx_word' id='word_1_117' title='bbox 461 1676 506 1742; x_wconf 87' lang='grc' dir='ltr'>Ι.</span> <span class='ocrx_word' id='word_1_118' title='bbox 534 1676 838 1738; x_wconf 72' lang='lat' dir='ltr'>historiam</span> <span class='ocrx_word' id='word_1_119' title='bbox 875 1673 1186 1736; x_wconf 82' lang='lat' dir='ltr'>Livianam</span> <span class='ocrx_word' id='word_1_120' title='bbox 1225 1674 1424 1753; x_wconf 80' lang='lat' dir='ltr'>longe,</span> <span class='ocrx_word' id='word_1_121' title='bbox 1451 1695 1633 1756; x_wconf 87' lang='lat' dir='ltr'>quam</span> <span class='ocrx_word' id='word_1_122' title='bbox 1654 1696 1865 1758; x_wconf 81' lang='lat' dir='ltr'>nuper,</span> <span class='ocrx_word' id='word_1_123' title='bbox 1892 1676 2375 1738; x_wconf 80' lang='lat' dir='ltr'>emaculatiorem</span> <span class='ocrx_word' id='word_1_124' title='bbox 2400 1679 2576 1759; x_wconf 83' lang='lat' dir='ltr'>prod-</span> 
     </span>
     <span class='ocr_line' id='line_1_15' title="bbox 373 1769 2215 1854; baseline -0.001 -19"><span class='ocrx_word' id='word_1_125' title='bbox 373 1775 488 1843; x_wconf 86' lang='lat' dir='ltr'>ire,</span> <span class='ocrx_word' id='word_1_126' title='bbox 518 1771 676 1854; x_wconf 89' lang='lat' dir='ltr'>quod</span> <span class='ocrx_word' id='word_1_127' title='bbox 701 1791 858 1835; x_wconf 87' lang='lat' dir='ltr'>nunc</span> <span class='ocrx_word' id='word_1_128' title='bbox 883 1769 1122 1830; x_wconf 88' lang='lat' dir='ltr'>demum</span> <span class='ocrx_word' id='word_1_129' title='bbox 1145 1770 1226 1833; x_wconf 83' lang='lat' dir='ltr'>ad</span> <span class='ocrx_word' id='word_1_130' title='bbox 1249 1781 1454 1834; x_wconf 83' lang='lat' dir='ltr'>vetera</span> <span class='ocrx_word' id='word_1_131' title='bbox 1471 1774 1847 1854; x_wconf 82' lang='lat' dir='ltr'>exemplaria</span> <span class='ocrx_word' id='word_1_132' title='bbox 1870 1773 2096 1834; x_wconf 83' lang='lat' dir='ltr'>collata</span> <span class='ocrx_word' id='word_1_133' title='bbox 2116 1776 2215 1835; x_wconf 84' lang='lat' dir='ltr'>sit.</span> 
     </span>
    </p>

    <p class='ocr_par' dir='ltr' id='par_1_3' title="bbox 375 1867 2578 2239">
     <span class='ocr_line' id='line_1_16' title="bbox 465 1867 2575 1954; baseline 0 -22"><span class='ocrx_word' id='word_1_134' title='bbox 465 1911 482 1932; x_wconf 87' lang='lat'>.</span> <span class='ocrx_word' id='word_1_135' title='bbox 513 1911 532 1929; x_wconf 93' lang='lat'>.</span> <span class='ocrx_word' id='word_1_136' title='bbox 561 1911 580 1932; x_wconf 91' lang='lat'>.</span> <span class='ocrx_word' id='word_1_137' title='bbox 609 1913 631 1931; x_wconf 88' lang='grc'>.,</span> <span class='ocrx_word' id='word_1_138' title='bbox 669 1889 718 1930; x_wconf 82' lang='lat' dir='ltr'>s.</span> <span class='ocrx_word' id='word_1_139' title='bbox 747 1867 791 1928; x_wconf 91' lang='lat'>1.</span> <span class='ocrx_word' id='word_1_140' title='bbox 817 1875 881 1928; x_wconf 83' lang='lat' dir='ltr'>et</span> <span class='ocrx_word' id='word_1_141' title='bbox 911 1887 970 1932; x_wconf 80' lang='lat' dir='ltr'>a.</span> <span class='ocrx_word' id='word_1_142' title='bbox 1014 1873 1076 1930; x_wconf 84' lang='lat'>8.</span> <span class='ocrx_word' id='word_1_143' title='bbox 1104 1867 1249 1928; x_wconf 91' lang='lat' dir='ltr'>voll.</span> <span class='ocrx_word' id='word_1_144' title='bbox 1299 1885 1400 1931; x_wconf 85' lang='lat' dir='ltr'>m.</span> <span class='ocrx_word' id='word_1_145' title='bbox 1443 1868 1671 1932; x_wconf 84' lang='lat' dir='ltr'>Livius.</span> <span class='ocrx_word' id='word_1_146' title='bbox 1703 1869 1905 1932; x_wconf 78' lang='lat' dir='ltr'>Decas</span> <span class='ocrx_word' id='word_1_147' title='bbox 1935 1887 2051 1930; x_wconf 91' lang='grc' dir='ltr'>ιιι.</span> <span class='ocrx_word' id='word_1_148' title='bbox 2084 1888 2179 1934; x_wconf 73' lang='lat' dir='ltr'>lv.</span> <span class='ocrx_word' id='word_1_149' title='bbox 2212 1887 2273 1933; x_wconf 79' lang='lat' dir='ltr'>v·</span> <span class='ocrx_word' id='word_1_150' title='bbox 2300 1872 2371 1933; x_wconf 82' lang='lat' dir='ltr'>it.</span> <span class='ocrx_word' id='word_1_151' title='bbox 2426 1872 2575 1954; x_wconf 80' lang='lat' dir='ltr'>Epi-</span> 
     </span>
     <span class='ocr_line' id='line_1_17' title="bbox 375 1963 2577 2047; baseline 0.002 -21"><span class='ocrx_word' id='word_1_152' title='bbox 375 1977 558 2026; x_wconf 74' lang='lat' dir='ltr'>tomoe</span> <span class='ocrx_word' id='word_1_153' title='bbox 591 1964 996 2026; x_wconf 80' lang='lat' dir='ltr'>Historiarum</span> <span class='ocrx_word' id='word_1_154' title='bbox 1024 1963 1202 2026; x_wconf 89' lang='lat' dir='ltr'>Livii.</span> <span class='ocrx_word' id='word_1_155' title='bbox 1246 1965 1404 2027; x_wconf 86' lang='lat' dir='ltr'>Acc.</span> <span class='ocrx_word' id='word_1_156' title='bbox 1437 1966 1839 2047; x_wconf 68' lang='lat' dir='ltr'>chronologia</span> <span class='ocrx_word' id='word_1_157' title='bbox 1872 1968 1935 2028; x_wconf 89' lang='lat' dir='ltr'>in</span> <span class='ocrx_word' id='word_1_158' title='bbox 1971 1987 2207 2028; x_wconf 89' lang='lat' dir='ltr'>omnem</span> <span class='ocrx_word' id='word_1_159' title='bbox 2234 1967 2577 2045; x_wconf 72' lang='lat' dir='ltr'>Romanam</span> 
     </span>
     <span class='ocr_line' id='line_1_18' title="bbox 375 2059 2578 2143; baseline 0.003 -19"><span class='ocrx_word' id='word_1_160' title='bbox 375 2061 678 2128; x_wconf 80' lang='lat' dir='ltr'>historiam</span> <span class='ocrx_word' id='word_1_161' title='bbox 723 2079 830 2142; x_wconf 86' lang='lat' dir='ltr'>per</span> <span class='ocrx_word' id='word_1_162' title='bbox 867 2059 1065 2122; x_wconf 84' lang='lat' dir='ltr'>Henr.</span> <span class='ocrx_word' id='word_1_163' title='bbox 1113 2059 1482 2122; x_wconf 82' lang='lat' dir='ltr'>Glareanum</span> <span class='ocrx_word' id='word_1_164' title='bbox 1525 2073 1591 2124; x_wconf 90' lang='lat' dir='ltr'>et</span> <span class='ocrx_word' id='word_1_165' title='bbox 1636 2062 1888 2143; x_wconf 78' lang='lat' dir='ltr'>Gregor.</span> <span class='ocrx_word' id='word_1_166' title='bbox 1933 2063 2377 2128; x_wconf 80' lang='lat' dir='ltr'>Haloandrum.</span> <span class='ocrx_word' id='word_1_167' title='bbox 2426 2066 2578 2130; x_wconf 88' lang='lat' dir='ltr'>Vid.</span> 
     </span>
     <span class='ocr_line' id='line_1_19' title="bbox 380 2155 1865 2239; baseline 0.003 -21"><span class='ocrx_word' id='word_1_168' title='bbox 380 2159 522 2219; x_wconf 73' lang='lat' dir='ltr'>Cat.</span> <span class='ocrx_word' id='word_1_169' title='bbox 551 2157 682 2218; x_wconf 86' lang='lat' dir='ltr'>libr.</span> <span class='ocrx_word' id='word_1_170' title='bbox 711 2159 771 2218; x_wconf 90' lang='lat' dir='ltr'>in</span> <span class='ocrx_word' id='word_1_171' title='bbox 803 2157 966 2218; x_wconf 90' lang='lat' dir='ltr'>Bibl.</span> <span class='ocrx_word' id='word_1_172' title='bbox 998 2155 1190 2218; x_wconf 83' lang='lat' dir='ltr'>Goett.</span> <span class='ocrx_word' id='word_1_173' title='bbox 1213 2157 1276 2218; x_wconf 86' lang='lat' dir='ltr'>in</span> <span class='ocrx_word' id='word_1_174' title='bbox 1301 2157 1486 2239; x_wconf 87' lang='lat' dir='ltr'>duplo</span> <span class='ocrx_word' id='word_1_175' title='bbox 1511 2161 1865 2224; x_wconf 77' lang='lat' dir='ltr'>extantium.</span> 
     </span>
    </p>

    <p class='ocr_par' dir='ltr' id='par_1_4' title="bbox 367 2253 2577 4375">
     <span class='ocr_line' id='line_1_20' title="bbox 467 2253 2577 2336; baseline 0.003 -23"><span class='ocrx_word' id='word_1_176' title='bbox 467 2260 622 2317; x_wconf 76' lang='lat'>1637</span> <span class='ocrx_word' id='word_1_177' title='bbox 667 2254 856 2334; x_wconf 77' lang='lat' dir='ltr'>Lugd.</span> <span class='ocrx_word' id='word_1_178' title='bbox 895 2261 956 2316; x_wconf 83' lang='lat'>8.</span> <span class='ocrx_word' id='word_1_179' title='bbox 995 2253 1140 2314; x_wconf 81' lang='lat' dir='ltr'>voll.</span> <span class='ocrx_word' id='word_1_180' title='bbox 1191 2271 1282 2316; x_wconf 79' lang='grc' dir='ltr'>ιν.</span> <span class='ocrx_word' id='word_1_181' title='bbox 1327 2264 1480 2336; x_wconf 81' lang='lat' dir='ltr'>part.</span> <span class='ocrx_word' id='word_1_182' title='bbox 1516 2273 1647 2316; x_wconf 78' lang='lat' dir='ltr'>vu.</span> <span class='ocrx_word' id='word_1_183' title='bbox 1712 2255 1787 2316; x_wconf 89' lang='grc' dir='ltr'>Τ.</span> <span class='ocrx_word' id='word_1_184' title='bbox 1817 2256 1977 2316; x_wconf 89' lang='lat' dir='ltr'>Livii</span> <span class='ocrx_word' id='word_1_185' title='bbox 2018 2256 2305 2316; x_wconf 83' lang='lat' dir='ltr'>Patavini</span> <span class='ocrx_word' id='word_1_186' title='bbox 2348 2257 2577 2320; x_wconf 68' lang='lat' dir='ltr'>Latinae</span> 
     </span>
     <span class='ocr_line' id='line_1_21' title="bbox 379 2350 2575 2437; baseline 0.002 -26"><span class='ocrx_word' id='word_1_187' title='bbox 379 2350 636 2413; x_wconf 69' lang='lat' dir='ltr'>historias</span> <span class='ocrx_word' id='word_1_188' title='bbox 677 2352 958 2433; x_wconf 81' lang='lat' dir='ltr'>principis</span> <span class='ocrx_word' id='word_1_189' title='bbox 995 2351 1198 2415; x_wconf 79' lang='lat' dir='ltr'>Decas</span> <span class='ocrx_word' id='word_1_190' title='bbox 1221 2353 1414 2434; x_wconf 84' lang='lat' dir='ltr'>prima</span> <span class='ocrx_word' id='word_1_191' title='bbox 1452 2373 1590 2415; x_wconf 88' lang='lat' dir='ltr'>cum</span> <span class='ocrx_word' id='word_1_192' title='bbox 1620 2353 1787 2435; x_wconf 85' lang='lat' dir='ltr'>Epit.</span> <span class='ocrx_word' id='word_1_193' title='bbox 1818 2353 1888 2416; x_wconf 90' lang='lat' dir='ltr'>L.</span> <span class='ocrx_word' id='word_1_194' title='bbox 1916 2352 2080 2414; x_wconf 85' lang='lat' dir='ltr'>Flori</span> <span class='ocrx_word' id='word_1_195' title='bbox 2120 2361 2443 2415; x_wconf 73' lang='lat' dir='ltr'>anti-orsum</span> <span class='ocrx_word' id='word_1_196' title='bbox 2470 2375 2575 2437; x_wconf 83' lang='lat' dir='ltr'>ap-</span> 
     </span>
     <span class='ocr_line' id='line_1_22' title="bbox 373 2449 2571 2532; baseline 0.003 -25"><span class='ocrx_word' id='word_1_197' title='bbox 373 2450 604 2528; x_wconf 80' lang='lat' dir='ltr'>positis,</span> <span class='ocrx_word' id='word_1_198' title='bbox 643 2451 1052 2511; x_wconf 82' lang='lat' dir='ltr'>accuravimus</span> <span class='ocrx_word' id='word_1_199' title='bbox 1090 2449 1252 2511; x_wconf 91' lang='lat' dir='ltr'>doct.</span> <span class='ocrx_word' id='word_1_200' title='bbox 1293 2470 1781 2532; x_wconf 87' lang='lat' dir='ltr'>quorumcunque</span> <span class='ocrx_word' id='word_1_201' title='bbox 1819 2452 2081 2511; x_wconf 88' lang='lat' dir='ltr'>virorum</span> <span class='ocrx_word' id='word_1_202' title='bbox 2118 2453 2571 2513; x_wconf 81' lang='lat' dir='ltr'>annotationes:</span> 
     </span>
     <span class='ocr_line' id='line_1_23' title="bbox 367 2546 2574 2631; baseline 0.002 -24"><span class='ocrx_word' id='word_1_203' title='bbox 367 2546 622 2607; x_wconf 77' lang='lat' dir='ltr'>subinde</span> <span class='ocrx_word' id='word_1_204' title='bbox 649 2547 906 2608; x_wconf 87' lang='lat' dir='ltr'>indicem</span> <span class='ocrx_word' id='word_1_205' title='bbox 933 2546 1248 2607; x_wconf 76' lang='lat' dir='ltr'>adnectere</span> <span class='ocrx_word' id='word_1_206' title='bbox 1298 2546 1549 2628; x_wconf 75' lang='lat' dir='ltr'>placuit.</span> <span class='ocrx_word' id='word_1_207' title='bbox 1631 2547 1783 2609; x_wconf 85' lang='lat' dir='ltr'>Pari</span> <span class='ocrx_word' id='word_1_208' title='bbox 1830 2547 2248 2609; x_wconf 71' lang='lat' dir='ltr'>commoditate</span> <span class='ocrx_word' id='word_1_209' title='bbox 2294 2548 2574 2631; x_wconf 81' lang='lat' dir='ltr'>reliquas,</span> 
     </span>
     <span class='ocr_line' id='line_1_24' title="bbox 371 2644 2575 2724; baseline -0 -16"><span class='ocrx_word' id='word_1_210' title='bbox 371 2666 512 2724; x_wconf 74' lang='lat' dir='ltr'>quae</span> <span class='ocrx_word' id='word_1_211' title='bbox 537 2644 847 2707; x_wconf 79' lang='lat' dir='ltr'>manifesto</span> <span class='ocrx_word' id='word_1_212' title='bbox 877 2654 1112 2705; x_wconf 83' lang='lat' dir='ltr'>exstare</span> <span class='ocrx_word' id='word_1_213' title='bbox 1143 2644 1485 2717; x_wconf 86' lang='lat' dir='ltr'>creduntur,</span> <span class='ocrx_word' id='word_1_214' title='bbox 1513 2645 1573 2703; x_wconf 89' lang='lat' dir='ltr'>in</span> <span class='ocrx_word' id='word_1_215' title='bbox 1608 2647 1872 2705; x_wconf 87' lang='lat' dir='ltr'>omnium</span> <span class='ocrx_word' id='word_1_216' title='bbox 1898 2646 2151 2723; x_wconf 80' lang='lat' dir='ltr'>gratiam</span> <span class='ocrx_word' id='word_1_217' title='bbox 2182 2647 2425 2707; x_wconf 81' lang='lat' dir='ltr'>seorsim</span> <span class='ocrx_word' id='word_1_218' title='bbox 2466 2667 2575 2707; x_wconf 84' lang='lat' dir='ltr'>ex-</span> 
     </span>
     <span class='ocr_line' id='line_1_25' title="bbox 367 2740 2577 2822; baseline 0.001 -20"><span class='ocrx_word' id='word_1_219' title='bbox 367 2743 672 2811; x_wconf 69' lang='lat' dir='ltr'>cusimus:</span> <span class='ocrx_word' id='word_1_220' title='bbox 717 2741 780 2801; x_wconf 90' lang='lat' dir='ltr'>id</span> <span class='ocrx_word' id='word_1_221' title='bbox 817 2750 954 2801; x_wconf 85' lang='lat' dir='ltr'>ante</span> <span class='ocrx_word' id='word_1_222' title='bbox 993 2760 1102 2801; x_wconf 85' lang='lat' dir='ltr'>nos</span> <span class='ocrx_word' id='word_1_223' title='bbox 1140 2760 1313 2801; x_wconf 88' lang='lat' dir='ltr'>nemo</span> <span class='ocrx_word' id='word_1_224' title='bbox 1353 2761 1632 2821; x_wconf 78' lang='lat' dir='ltr'>unquam.</span> <span class='ocrx_word' id='word_1_225' title='bbox 1717 2740 1937 2801; x_wconf 83' lang='lat' dir='ltr'>Fruere</span> <span class='ocrx_word' id='word_1_226' title='bbox 1972 2741 2249 2803; x_wconf 84' lang='lat' dir='ltr'>feliciter.</span> <span class='ocrx_word' id='word_1_227' title='bbox 2298 2741 2577 2822; x_wconf 76' lang='lat' dir='ltr'>Lugduni</span> 
     </span>
     <span class='ocr_line' id='line_1_26' title="bbox 369 2836 2574 2920; baseline 0.001 -21"><span class='ocrx_word' id='word_1_228' title='bbox 369 2839 534 2920; x_wconf 82' lang='lat' dir='ltr'>apud</span> <span class='ocrx_word' id='word_1_229' title='bbox 559 2838 852 2899; x_wconf 73' lang='lat' dir='ltr'>Haeredes</span> <span class='ocrx_word' id='word_1_230' title='bbox 881 2838 1140 2897; x_wconf 76' lang='lat' dir='ltr'>Simonis</span> <span class='ocrx_word' id='word_1_231' title='bbox 1163 2836 1470 2897; x_wconf 88' lang='lat' dir='ltr'>Vincentii</span> <span class='ocrx_word' id='word_1_232' title='bbox 1499 2854 1899 2899; x_wconf 74' lang='lat' dir='ltr'>unxxxvn.</span> <span class='ocrx_word' id='word_1_233' title='bbox 1942 2838 2019 2899; x_wconf 89' lang='lat' dir='ltr'>ln</span> <span class='ocrx_word' id='word_1_234' title='bbox 2040 2838 2161 2899; x_wconf 83' lang='lat' dir='ltr'>fine</span> <span class='ocrx_word' id='word_1_235' title='bbox 2185 2860 2201 2899; x_wconf 74' lang='grc' dir='ltr'><strong>ι</strong></span> <span class='ocrx_word' id='word_1_236' title='bbox 2246 2850 2263 2875; x_wconf 87' lang='lat'>‘</span> <span class='ocrx_word' id='word_1_237' title='bbox 2288 2841 2574 2901; x_wconf 84' lang='lat' dir='ltr'>Excude-</span> 
     </span>
     <span class='ocr_line' id='line_1_27' title="bbox 367 2931 2573 3013; baseline 0 -16"><span class='ocrx_word' id='word_1_238' title='bbox 367 2937 526 3007; x_wconf 77' lang='lat' dir='ltr'>bant</span> <span class='ocrx_word' id='word_1_239' title='bbox 563 2934 838 3013; x_wconf 75' lang='lat' dir='ltr'>Lugduni</span> <span class='ocrx_word' id='word_1_240' title='bbox 870 2932 1170 2993; x_wconf 87' lang='lat' dir='ltr'>Melchior</span> <span class='ocrx_word' id='word_1_241' title='bbox 1209 2941 1274 2993; x_wconf 85' lang='lat' dir='ltr'>et</span> <span class='ocrx_word' id='word_1_242' title='bbox 1317 2931 1559 3013; x_wconf 83' lang='lat' dir='ltr'>Gaspar</span> <span class='ocrx_word' id='word_1_243' title='bbox 1597 2933 1877 2995; x_wconf 87' lang='lat' dir='ltr'>Trechsel</span> <span class='ocrx_word' id='word_1_244' title='bbox 1915 2934 2123 2995; x_wconf 83' lang='lat' dir='ltr'>fratres</span> <span class='ocrx_word' id='word_1_245' title='bbox 2161 2938 2573 2998; x_wconf 64' lang='lat' dir='ltr'>15363—-Titi</span> 
     </span>
     <span class='ocr_line' id='line_1_28' title="bbox 373 3026 2575 3113; baseline 0.002 -20"><span class='ocrx_word' id='word_1_246' title='bbox 373 3034 538 3095; x_wconf 87' lang='lat' dir='ltr'>Livii</span> <span class='ocrx_word' id='word_1_247' title='bbox 567 3032 862 3093; x_wconf 75' lang='lat' dir='ltr'>Patavini</span> <span class='ocrx_word' id='word_1_248' title='bbox 903 3026 1106 3091; x_wconf 66' lang='lat' dir='ltr'>Decas‘</span> <span class='ocrx_word' id='word_1_249' title='bbox 1121 3029 1350 3091; x_wconf 83' lang='lat' dir='ltr'>Tertia.</span> <span class='ocrx_word' id='word_1_250' title='bbox 1396 3030 1553 3091; x_wconf 85' lang='lat' dir='ltr'>Cum</span> <span class='ocrx_word' id='word_1_251' title='bbox 1588 3030 1783 3091; x_wconf 88' lang='lat' dir='ltr'>indice</span> <span class='ocrx_word' id='word_1_252' title='bbox 1810 3052 2005 3093; x_wconf 88' lang='lat' dir='ltr'>rerum</span> <span class='ocrx_word' id='word_1_253' title='bbox 2038 3035 2229 3113; x_wconf 76' lang='lat' dir='ltr'>magis</span> <span class='ocrx_word' id='word_1_254' title='bbox 2262 3032 2575 3113; x_wconf 79' lang='lat' dir='ltr'>insignium</span> 
     </span>
     <span class='ocr_line' id='line_1_29' title="bbox 371 3126 2573 3209; baseline 0.002 -20"><span class='ocrx_word' id='word_1_255' title='bbox 371 3130 454 3196; x_wconf 71' lang='lat' dir='ltr'>ad</span> <span class='ocrx_word' id='word_1_256' title='bbox 480 3128 660 3191; x_wconf 84' lang='lat' dir='ltr'>finem</span> <span class='ocrx_word' id='word_1_257' title='bbox 689 3130 899 3209; x_wconf 83' lang='lat' dir='ltr'>posito.</span> <span class='ocrx_word' id='word_1_258' title='bbox 942 3127 1088 3191; x_wconf 86' lang='lat' dir='ltr'>ibid.</span> <span class='ocrx_word' id='word_1_259' title='bbox 1127 3126 1262 3187; x_wconf 90' lang='lat' dir='ltr'>eod.</span> <span class='ocrx_word' id='word_1_260' title='bbox 1289 3126 1444 3187; x_wconf 89' lang='lat' dir='ltr'>-T.</span> <span class='ocrx_word' id='word_1_261' title='bbox 1477 3128 1637 3189; x_wconf 88' lang='lat' dir='ltr'>Livii</span> <span class='ocrx_word' id='word_1_262' title='bbox 1665 3128 1889 3189; x_wconf 81' lang='lat' dir='ltr'>Patav.</span> <span class='ocrx_word' id='word_1_263' title='bbox 1934 3128 2135 3189; x_wconf 86' lang='lat' dir='ltr'>Decas</span> <span class='ocrx_word' id='word_1_264' title='bbox 2171 3130 2407 3197; x_wconf 82' lang='lat' dir='ltr'>Quarta</span> <span class='ocrx_word' id='word_1_265' title='bbox 2436 3152 2573 3193; x_wconf 89' lang='lat' dir='ltr'>cum</span> 
     </span>
     <span class='ocr_line' id='line_1_30' title="bbox 373 3221 2575 3307; baseline 0 -16"><span class='ocrx_word' id='word_1_266' title='bbox 373 3226 590 3291; x_wconf 86' lang='lat' dir='ltr'>Indice</span> <span class='ocrx_word' id='word_1_267' title='bbox 617 3235 731 3287; x_wconf 90' lang='lat' dir='ltr'>cet.</span> <span class='ocrx_word' id='word_1_268' title='bbox 763 3226 908 3287; x_wconf 86' lang='lat' dir='ltr'>ibid.</span> <span class='ocrx_word' id='word_1_269' title='bbox 937 3226 1072 3285; x_wconf 90' lang='lat' dir='ltr'>eod.</span> <span class='ocrx_word' id='word_1_270' title='bbox 1159 3221 1236 3286; x_wconf 90' lang='lat' dir='ltr'>In</span> <span class='ocrx_word' id='word_1_271' title='bbox 1275 3225 1434 3285; x_wconf 83' lang='lat' dir='ltr'>fine:</span> <span class='ocrx_word' id='word_1_272' title='bbox 1479 3236 1496 3261; x_wconf 88' lang='lat'>‘</span> <span class='ocrx_word' id='word_1_273' title='bbox 1519 3225 1923 3287; x_wconf 81' lang='lat' dir='ltr'>Excudebant</span> <span class='ocrx_word' id='word_1_274' title='bbox 1961 3226 2235 3307; x_wconf 77' lang='lat' dir='ltr'>Lugduni</span> <span class='ocrx_word' id='word_1_275' title='bbox 2277 3226 2575 3299; x_wconf 83' lang='lat' dir='ltr'>Melchiot</span> 
     </span>
     <span class='ocr_line' id='line_1_31' title="bbox 369 3321 2575 3405; baseline 0.002 -22"><span class='ocrx_word' id='word_1_276' title='bbox 369 3334 447 3398; x_wconf 47' lang='lat' dir='ltr'>et,</span> <span class='ocrx_word' id='word_1_277' title='bbox 479 3322 720 3405; x_wconf 80' lang='lat' dir='ltr'>Gaspar</span> <span class='ocrx_word' id='word_1_278' title='bbox 756 3322 1036 3385; x_wconf 81' lang='lat' dir='ltr'>Trechsel</span> <span class='ocrx_word' id='word_1_279' title='bbox 1077 3322 1286 3383; x_wconf 82' lang='lat' dir='ltr'>fratres</span> <span class='ocrx_word' id='word_1_280' title='bbox 1329 3321 1737 3385; x_wconf 75' lang='lat' dir='ltr'>1537.&#39;—Titi</span> <span class='ocrx_word' id='word_1_281' title='bbox 1780 3323 1935 3383; x_wconf 86' lang='lat' dir='ltr'>Livii</span> <span class='ocrx_word' id='word_1_282' title='bbox 1978 3324 2266 3385; x_wconf 77' lang='lat' dir='ltr'>Patavini</span> <span class='ocrx_word' id='word_1_283' title='bbox 2308 3324 2575 3387; x_wconf 83' lang='lat' dir='ltr'>Decadis</span> 
     </span>
     <span class='ocr_line' id='line_1_32' title="bbox 371 3419 2573 3501; baseline 0 -20"><span class='ocrx_word' id='word_1_284' title='bbox 371 3422 602 3500; x_wconf 79' lang='lat' dir='ltr'>quintae</span> <span class='ocrx_word' id='word_1_285' title='bbox 637 3419 775 3481; x_wconf 89' lang='lat' dir='ltr'>libri</span> <span class='ocrx_word' id='word_1_286' title='bbox 801 3422 1086 3501; x_wconf 85' lang='lat' dir='ltr'>quinque.</span> <span class='ocrx_word' id='word_1_287' title='bbox 1171 3419 1366 3479; x_wconf 85' lang='lat' dir='ltr'>lndex</span> <span class='ocrx_word' id='word_1_288' title='bbox 1413 3428 1703 3499; x_wconf 80' lang='lat' dir='ltr'>praeterea</span> <span class='ocrx_word' id='word_1_289' title='bbox 1738 3421 2059 3501; x_wconf 76' lang='lat' dir='ltr'>appositus.</span> <span class='ocrx_word' id='word_1_290' title='bbox 2092 3420 2236 3481; x_wconf 88' lang='lat' dir='ltr'>ibid.</span> <span class='ocrx_word' id='word_1_291' title='bbox 2272 3420 2410 3483; x_wconf 88' lang='lat' dir='ltr'>eod.</span> <span class='ocrx_word' id='word_1_292' title='bbox 2494 3422 2573 3483; x_wconf 90' lang='lat' dir='ltr'>In</span> 
     </span>
     <span class='ocr_line' id='line_1_33' title="bbox 371 3514 2571 3599; baseline -0 -18"><span class='ocrx_word' id='word_1_293' title='bbox 371 3516 516 3589; x_wconf 77' lang='lat' dir='ltr'>fine,</span> <span class='ocrx_word' id='word_1_294' title='bbox 543 3524 612 3579; x_wconf 83' lang='lat' dir='ltr'>ut</span> <span class='ocrx_word' id='word_1_295' title='bbox 645 3516 1046 3598; x_wconf 82' lang='lat' dir='ltr'>supra.--Titi</span> <span class='ocrx_word' id='word_1_296' title='bbox 1065 3516 1218 3577; x_wconf 85' lang='lat' dir='ltr'>Livii</span> <span class='ocrx_word' id='word_1_297' title='bbox 1246 3516 1534 3577; x_wconf 73' lang='lat' dir='ltr'>Patavini</span> <span class='ocrx_word' id='word_1_298' title='bbox 1564 3514 1881 3577; x_wconf 83' lang='lat' dir='ltr'>Decadum</span> <span class='ocrx_word' id='word_1_299' title='bbox 1908 3534 2055 3579; x_wconf 76' lang='lat' dir='ltr'>xtv.</span> <span class='ocrx_word' id='word_1_300' title='bbox 2098 3518 2397 3599; x_wconf 86' lang='lat' dir='ltr'>Epitome.</span> <span class='ocrx_word' id='word_1_301' title='bbox 2426 3518 2571 3579; x_wconf 88' lang='lat' dir='ltr'>ibid.</span> 
     </span>
     <span class='ocr_line' id='line_1_34' title="bbox 371 3612 2569 3697; baseline 0 -20"><span class='ocrx_word' id='word_1_302' title='bbox 371 3614 510 3677; x_wconf 79' lang='lat' dir='ltr'>eod.</span> <span class='ocrx_word' id='word_1_303' title='bbox 553 3613 632 3675; x_wconf 88' lang='lat' dir='ltr'>In</span> <span class='ocrx_word' id='word_1_304' title='bbox 657 3612 800 3687; x_wconf 86' lang='lat' dir='ltr'>fine,</span> <span class='ocrx_word' id='word_1_305' title='bbox 829 3624 896 3675; x_wconf 85' lang='lat' dir='ltr'>ut</span> <span class='ocrx_word' id='word_1_306' title='bbox 921 3612 1607 3694; x_wconf 80' lang='lat' dir='ltr'>supra.—Chtonologia</span> <span class='ocrx_word' id='word_1_307' title='bbox 1628 3614 1755 3673; x_wconf 85' lang='lat' dir='ltr'>sive</span> <span class='ocrx_word' id='word_1_308' title='bbox 1781 3623 2115 3695; x_wconf 86' lang='lat' dir='ltr'>temporum</span> <span class='ocrx_word' id='word_1_309' title='bbox 2138 3617 2483 3697; x_wconf 79' lang='lat' dir='ltr'>supputatio</span> <span class='ocrx_word' id='word_1_310' title='bbox 2511 3617 2569 3681; x_wconf 90' lang='lat' dir='ltr'>in</span> 
     </span>
     <span class='ocr_line' id='line_1_35' title="bbox 367 3710 2570 3793; baseline 0.002 -22"><span class='ocrx_word' id='word_1_311' title='bbox 367 3732 608 3772; x_wconf 90' lang='lat' dir='ltr'>omnem</span> <span class='ocrx_word' id='word_1_312' title='bbox 628 3710 968 3774; x_wconf 82' lang='lat' dir='ltr'>Romanam</span> <span class='ocrx_word' id='word_1_313' title='bbox 985 3711 1318 3771; x_wconf 77' lang='lat' dir='ltr'>Historiam</span> <span class='ocrx_word' id='word_1_314' title='bbox 1339 3732 1376 3771; x_wconf 85' lang='lat' dir='ltr'>a</span> <span class='ocrx_word' id='word_1_315' title='bbox 1392 3710 1771 3793; x_wconf 77' lang='lat' dir='ltr'>Trojacapta</span> <span class='ocrx_word' id='word_1_316' title='bbox 1790 3711 1867 3771; x_wconf 84' lang='lat' dir='ltr'>ad</span> <span class='ocrx_word' id='word_1_317' title='bbox 1888 3710 2263 3773; x_wconf 83' lang='lat' dir='ltr'>millesimum</span> <span class='ocrx_word' id='word_1_318' title='bbox 2288 3714 2570 3775; x_wconf 84' lang='lat' dir='ltr'>ducente-</span> 
     </span>
     <span class='ocr_line' id='line_1_36' title="bbox 367 3807 2573 3889; baseline 0.001 -20"><span class='ocrx_word' id='word_1_319' title='bbox 367 3810 584 3879; x_wconf 82' lang='lat' dir='ltr'>simum</span> <span class='ocrx_word' id='word_1_320' title='bbox 621 3809 1044 3887; x_wconf 77' lang='lat' dir='ltr'>octogesimum</span> <span class='ocrx_word' id='word_1_321' title='bbox 1079 3810 1318 3869; x_wconf 88' lang='lat' dir='ltr'>tertium</span> <span class='ocrx_word' id='word_1_322' title='bbox 1343 3808 1422 3869; x_wconf 84' lang='lat' dir='ltr'>ab</span> <span class='ocrx_word' id='word_1_323' title='bbox 1451 3807 1621 3867; x_wconf 84' lang='lat' dir='ltr'>Urbe</span> <span class='ocrx_word' id='word_1_324' title='bbox 1646 3807 1891 3869; x_wconf 87' lang='lat' dir='ltr'>condita</span> <span class='ocrx_word' id='word_1_325' title='bbox 1930 3828 2169 3881; x_wconf 83' lang='lat' dir='ltr'>annum,</span> <span class='ocrx_word' id='word_1_326' title='bbox 2194 3830 2317 3889; x_wconf 81' lang='lat' dir='ltr'>qua</span> <span class='ocrx_word' id='word_1_327' title='bbox 2360 3819 2573 3874; x_wconf 83' lang='lat' dir='ltr'>auctor</span> 
     </span>
     <span class='ocr_line' id='line_1_37' title="bbox 372 3905 2571 3987; baseline 0 -22"><span class='ocrx_word' id='word_1_328' title='bbox 372 3910 503 3987; x_wconf 81' lang='lat' dir='ltr'>ipse</span> <span class='ocrx_word' id='word_1_329' title='bbox 529 3906 755 3977; x_wconf 77' lang='lat' dir='ltr'>Livius,</span> <span class='ocrx_word' id='word_1_330' title='bbox 789 3905 1082 3986; x_wconf 86' lang='lat' dir='ltr'>simulque</span> <span class='ocrx_word' id='word_1_331' title='bbox 1117 3906 1404 3967; x_wconf 84' lang='lat' dir='ltr'>Romana</span> <span class='ocrx_word' id='word_1_332' title='bbox 1437 3906 1682 3966; x_wconf 86' lang='lat' dir='ltr'>historia</span> <span class='ocrx_word' id='word_1_333' title='bbox 1720 3906 1969 3967; x_wconf 88' lang='lat' dir='ltr'>multum</span> <span class='ocrx_word' id='word_1_334' title='bbox 2004 3907 2233 3987; x_wconf 86' lang='lat' dir='ltr'>accepit</span> <span class='ocrx_word' id='word_1_335' title='bbox 2265 3906 2439 3977; x_wconf 86' lang='lat' dir='ltr'>lucis,</span> <span class='ocrx_word' id='word_1_336' title='bbox 2468 3926 2571 3985; x_wconf 77' lang='lat' dir='ltr'>per</span> 
     </span>
     <span class='ocr_line' id='line_1_38' title="bbox 374 4000 2569 4084; baseline -0.001 -19"><span class='ocrx_word' id='word_1_337' title='bbox 374 4002 712 4065; x_wconf 70' lang='lat' dir='ltr'>Hem-icum</span> <span class='ocrx_word' id='word_1_338' title='bbox 757 4001 1120 4065; x_wconf 83' lang='lat' dir='ltr'>Glareanum</span> <span class='ocrx_word' id='word_1_339' title='bbox 1150 4004 1231 4065; x_wconf 93' lang='lat' dir='ltr'>P.</span> <span class='ocrx_word' id='word_1_340' title='bbox 1262 4002 1332 4063; x_wconf 91' lang='lat' dir='ltr'>L.</span> <span class='ocrx_word' id='word_1_341' title='bbox 1373 4003 1518 4063; x_wconf 88' lang='lat' dir='ltr'>ibid.</span> <span class='ocrx_word' id='word_1_342' title='bbox 1546 4004 1679 4063; x_wconf 90' lang='lat' dir='ltr'>eod.</span> <span class='ocrx_word' id='word_1_343' title='bbox 1726 4002 1803 4061; x_wconf 88' lang='lat' dir='ltr'>In</span> <span class='ocrx_word' id='word_1_344' title='bbox 1830 4002 1973 4075; x_wconf 85' lang='lat' dir='ltr'>fine,</span> <span class='ocrx_word' id='word_1_345' title='bbox 1998 4013 2067 4063; x_wconf 87' lang='lat' dir='ltr'>ut</span> <span class='ocrx_word' id='word_1_346' title='bbox 2114 4021 2309 4084; x_wconf 84' lang='lat' dir='ltr'>supra.</span> <span class='ocrx_word' id='word_1_347' title='bbox 2352 4000 2569 4063; x_wconf 88' lang='lat' dir='ltr'>Anno-</span> 
     </span>
     <span class='ocr_line' id='line_1_39' title="bbox 373 4097 2565 4181; baseline -0.003 -15"><span class='ocrx_word' id='word_1_348' title='bbox 373 4102 630 4166; x_wconf 68' lang='lat' dir='ltr'>tationes</span> <span class='ocrx_word' id='word_1_349' title='bbox 655 4100 836 4161; x_wconf 76' lang='lat' dir='ltr'>Beati</span> <span class='ocrx_word' id='word_1_350' title='bbox 874 4100 1178 4172; x_wconf 83' lang='lat' dir='ltr'>Rhenani,</span> <span class='ocrx_word' id='word_1_351' title='bbox 1204 4111 1268 4162; x_wconf 88' lang='lat' dir='ltr'>et</span> <span class='ocrx_word' id='word_1_352' title='bbox 1303 4100 1667 4181; x_wconf 77' lang='lat' dir='ltr'>sigismundi</span> <span class='ocrx_word' id='word_1_353' title='bbox 1706 4098 1969 4173; x_wconf 85' lang='lat' dir='ltr'>Gelenii,</span> <span class='ocrx_word' id='word_1_354' title='bbox 1999 4100 2261 4161; x_wconf 80' lang='lat' dir='ltr'>Doctiss.</span> <span class='ocrx_word' id='word_1_355' title='bbox 2287 4097 2565 4173; x_wconf 89' lang='lat' dir='ltr'>virorum,</span> 
     </span>
     <span class='ocr_line' id='line_1_40' title="bbox 379 4195 2569 4281; baseline -0.002 -21"><span class='ocrx_word' id='word_1_356' title='bbox 379 4200 442 4262; x_wconf 85' lang='lat' dir='ltr'>in</span> <span class='ocrx_word' id='word_1_357' title='bbox 485 4208 788 4271; x_wconf 71' lang='lat' dir='ltr'>exstantes</span> <span class='ocrx_word' id='word_1_358' title='bbox 811 4197 936 4258; x_wconf 89' lang='lat' dir='ltr'>Titi</span> <span class='ocrx_word' id='word_1_359' title='bbox 978 4199 1133 4261; x_wconf 83' lang='lat' dir='ltr'>Livii</span> <span class='ocrx_word' id='word_1_360' title='bbox 1159 4200 1362 4271; x_wconf 84' lang='lat' dir='ltr'>libros,</span> <span class='ocrx_word' id='word_1_361' title='bbox 1407 4198 1552 4259; x_wconf 79' lang='lat' dir='ltr'>ibid:</span> <span class='ocrx_word' id='word_1_362' title='bbox 1591 4198 2017 4281; x_wconf 58' lang='lat' dir='ltr'>eod—Editio</span> <span class='ocrx_word' id='word_1_363' title='bbox 2050 4197 2181 4255; x_wconf 81' lang='lat' dir='ltr'>haec</span> <span class='ocrx_word' id='word_1_364' title='bbox 2206 4195 2352 4257; x_wconf 72' lang='lat' dir='ltr'>satis</span> <span class='ocrx_word' id='word_1_365' title='bbox 2380 4196 2569 4281; x_wconf 69' lang='lat' dir='ltr'>nitida</span> 
     </span>
     <span class='ocr_line' id='line_1_41' title="bbox 373 4292 2569 4375; baseline -0.002 -20"><span class='ocrx_word' id='word_1_366' title='bbox 373 4296 562 4356; x_wconf 82' lang='lat' dir='ltr'>literis</span> <span class='ocrx_word' id='word_1_367' title='bbox 583 4295 816 4357; x_wconf 75' lang='lat' dir='ltr'>Italicis</span> <span class='ocrx_word' id='word_1_368' title='bbox 841 4295 919 4357; x_wconf 80' lang='lat' dir='ltr'>ud</span> <span class='ocrx_word' id='word_1_369' title='bbox 945 4296 1184 4357; x_wconf 88' lang='lat' dir='ltr'>modum</span> <span class='ocrx_word' id='word_1_370' title='bbox 1210 4296 1354 4358; x_wconf 90' lang='lat' dir='ltr'>Seb.</span> <span class='ocrx_word' id='word_1_371' title='bbox 1384 4295 1643 4375; x_wconf 86' lang='lat' dir='ltr'>Grypbii</span> <span class='ocrx_word' id='word_1_372' title='bbox 1662 4314 1885 4355; x_wconf 82' lang='lat' dir='ltr'>excusa</span> <span class='ocrx_word' id='word_1_373' title='bbox 1903 4302 2013 4355; x_wconf 81' lang='lat' dir='ltr'>est.</span> <span class='ocrx_word' id='word_1_374' title='bbox 2057 4292 2569 4353; x_wconf 83' lang='lat' dir='ltr'>Annotationibus</span> 
     </span>
    </p>
   </div>
  </div>
 </body>
</html>
