3050 4800
492 377 711 443 12766
1128 387 1528 439 necessus
1578 387 2015 439 κοιτιοΝυΜ

491 535 644 596 folia
669 542 808 595 octo
833 533 1188 596 habuerunt.
1272 533 1472 594 Unius
1497 533 1629 594 folii
1646 533 1887 606 modum
1912 531 2211 610 intelliges
2226 551 2303 593 ex
2332 531 2502 613 primi
2524 530 2693 594 Libri

491 631 1057 712 duobus·deinceps
1093 631 1460 711 fragmentis,
1503 651 1753 712 quorum
1806 631 2050 692 alterius
2090 640 2109 668 ‘
2138 629 2422 690 deduxit'
2458 629 2693 692 initium

493 728 862 802 est,alterius
887 737 905 766 ‘
925 749 1085 789 more
1109 731 1148 788 τ’
1175 749 1312 789 nam
1337 749 1412 790 ea
1437 730 1687 809 singulis
1702 729 1860 790 foliis
1878 729 2271 790 continentur.
2316 727 2419 788 Ex
2442 747 2517 788 eo
2542 745 2694 807 qua·

493 828 824 888 ternionum
851 845 1095 886 numero
1121 829 1345 907 primus
1379 827 1583 908 periit.
1627 825 2039 888 Proximiduo
2058 833 2299 886 exstant
2316 824 2549 904 integri.
2590 823 2695 884 Ex

494 933 708 1006 quarto
734 933 798 985 et
831 924 1039 1004 quinto
1077 945 1255 1006 supra
1291 933 1619 985 memorata
1654 925 1985 1004 fragmenta
2009 923 2330 984 dumtaxat
2362 930 2701 1004 supersunt.

495 1023 716 1084 Sextus
750 1031 812 1082 et
851 1021 958 1082 alii
999 1021 1282 1104 deinceps
1317 1043 1504 1104 usque
1546 1023 1817 1104 quintum
1844 1022 2145 1083 decimum
2168 1028 2409 1080 exstant
2450 1021 2691 1100 integri.

497 1120 782 1182 Decimus
827 1120 1066 1200 quintus
1110 1129 1173 1179 et
1217 1129 1335 1180 tres
1375 1121 1643 1202 proxime
1686 1129 2001 1202 sequentes
2044 1117 2484 1179 interciderunt.
2568 1117 2696 1178 Sex

485 1217 690 1278 ordine
716 1217 972 1298 proximi
996 1217 1290 1278 habentur
1317 1219 1550 1298 integri.
1634 1217 1735 1278 Ex
1760 1217 2047 1297 vigesimo
2072 1216 2284 1296 quinto
2304 1215 2694 1295 quaternione

495 1315 793 1396 perierunt
813 1313 936 1374 duo
959 1323 1252 1387 extrema,
1277 1315 1417 1374 item
1441 1315 1563 1376 duo
1590 1315 1790 1375 media
1806 1313 1995 1374 folia:
2038 1331 2116 1372 ex
2144 1312 2415 1393 sequenti
2440 1321 2696 1393 quatuor

495 1411 728 1471 medie:
779 1431 858 1471 ex
898 1412 1183 1490 vigesimo
1225 1414 1478 1494 septimo
1525 1413 1648 1473 duo
1684 1411 1919 1472 media:
1980 1429 2059 1470 ex
2107 1409 2379 1490 sequenti
2430 1409 2695 1478 unicum,

421 1525 428 1536 ·
495 1529 616 1588 quo
640 1517 886 1588 quartus
910 1508 1064 1568 liber
1087 1508 1325 1569 clausus
1343 1509 1574 1570 fueret:
1618 1519 1801 1589 atque
1826 1517 1918 1569 tot
1933 1506 2096 1567 foliis
2121 1505 2275 1567 liber
2297 1508 2347 1566 is
2370 1505 2701 1566 diminutus

494 1614 604 1667 est.
667 1604 918 1686 Reliqui
951 1624 1058 1664 sex
1098 1607 1364 1685 quintum
1391 1607 1610 1668 librum
1636 1608 2009 1668 continentes
2046 1604 2261 1684 integri
2301 1611 2459 1673 sunt,
2484 1612 2703 1684 preter

495 1701 856 1780 trigesimum
887 1700 1118 1762 duobus
1153 1705 1434 1764 extremis
1475 1704 1661 1776 soliis,
1708 1713 1773 1764 et
1812 1690 2087 1764 ultimum
2128 1703 2319 1784 primo
2356 1700 2699 1770 dumtaxat,

494 1798 755 1860 mutilos.
839 1797 1008 1859 Nam
1047 1803 1306 1860 omnium
1349 1811 1706 1882 postremum
1744 1801 2101 1862 vacaverat?
2184 1799 2284 1859 De
2328 1798 2444 1860 hoc
2488 1797 2703 1858 codice

497 1894 1017 1969 Laurishaimensi,
1065 1899 1170 1978 qui
1211 1917 1366 1958 nunc
1411 1909 1504 1959 est
1538 1901 1599 1958 in
1648 1899 1816 1960 Bibl.
1864 1897 2031 1978 Aug.
2076 1895 2529 1958 vindobonensi
2566 1894 2703 1956 vid.

497 1991 854 2053 Lambecius
879 1994 942 2052 in
969 1993 1204 2055 Comm.
1225 1993 1302 2055 de
1329 1995 1438 2056 illa
1459 1995 1627 2057 Bibl.
1659 1996 1729 2055 L.
1762 2013 1840 2057 11.
1868 2015 1936 2075 p.
1962 1999 2105 2058 493.
2132 2013 2267 2074 sqq.
2288 1995 2391 2074 qui
2416 1989 2703 2061 ostendit,

495 2089 688 2150 multa
723 2090 920 2150 adhuc
948 2109 1026 2149 ex
1054 2111 1128 2150 eo
1161 2093 1376 2171 corrigi
1419 2113 1612 2174 posse.
1696 2091 1979 2152 Ceterum
2018 2091 2095 2150 de
2134 2089 2279 2151 edit.
2306 2090 2423 2150 hac
2448 2088 2705 2150 classica

497 2184 716 2247 videsis
742 2185 934 2247 Proes.
963 2187 1106 2247 edit.
1143 2189 1411 2249 Gronov.
1441 2189 1520 2250 T.
1556 2205 1603 2252 ι.
1632 2188 1833 2249 Amst.
1862 2194 2045 2251 1679.
2075 2185 2347 2247 Iudicem
2372 2183 2511 2246 edd.
2540 2183 2701 2244 Dra·

497 2281 866 2354 kenborchii,
895 2286 1206 2365 repetitum
1237 2286 1296 2346 in
1333 2286 1428 2347 ed.
1470 2285 1731 2348 Ernestii
1762 2293 1944 2350 1769.
1972 2284 2047 2346 Τ.
2080 2301 2195 2346 111.
2232 2283 2490 2347 Fabricii
2517 2281 2596 2344 B.
2627 2281 2704 2346 L.

495 2378 572 2441 T.
607 2397 656 2441 1.
687 2402 746 2461 p.
767 2387 911 2442 283.
957 2381 1228 2443 Harlesii
1258 2381 1494 2445 Introd.
1517 2384 1579 2444 in
1606 2383 1809 2445 Notit.
1839 2382 1959 2443 Lit.
1988 2379 2173 2442 Rom.
2204 2397 2285 2443 11.
2312 2402 2375 2462 p.
2396 2386 2540 2441 421.

581 2482 741 2537 1532
780 2478 1002 2538 Venet.
1039 2479 1142 2539 fol.
1187 2500 1284 2561 ap.
1332 2481 1559 2540 Lucam
1602 2479 1943 2541 Antonium
1984 2478 2252 2539 Juntam.
2336 2476 2525 2539 Hanc
2550 2474 2705 2539 edit.

497 2574 791 2635 recensuit
815 2573 1185 2635 Meittairius
1220 2578 1278 2635 in
1326 2575 1559 2638 Annel.
1586 2577 1851 2657 Typogr.
1878 2584 2021 2635 tom.
2056 2590 2135 2634 n.
2164 2592 2302 2655 pag.
2334 2580 2475 2638 ¹771.
2502 2583 2566 2635 et
2593 2573 2711 2635 hoc

501 2670 678 2730 modo
721 2670 1070 2753 descripsit:
1115 2680 1133 2709 ‘
1157 2674 1234 2735 T.
1266 2672 1516 2742 Livius;
1561 2681 1939 2735 accesserunt
1972 2670 2237 2733 Decadis
2258 2688 2321 2731 V.
2364 2671 2503 2731 libri
2532 2670 2712 2750 quin·

499 2788 638 2847 que,
707 2788 1006 2849 nunquam
1066 2770 1321 2831 antehae
1355 2772 1525 2841 editi,
1580 2791 1717 2831 cum
1776 2768 2187 2849 chronologia
2238 2766 2499 2829 Henrici
2548 2766 2708 2829 Gla-

499 2865 688 2936 reani,
713 2867 776 2925 in
813 2865 1043 2927 aedibus
1085 2867 1267 2928 Lucae
1307 2867 1567 2929 Antonii
1604 2868 1805 2927 Juntae
1847 2866 2172 2927 Florentini
2200 2866 2581 2927 Mnxxxl1.’
2623 2864 2705 2925 In

497 2962 668 3023 initio
693 2962 954 3035 additur,
1007 2974 1024 2999 ⁸
1057 2984 1254 3025 mense
1279 2964 1603 3025 Februario
1621 2966 1661 3034 ς’
1712 2966 1773 3025 in
1794 2963 1933 3037 fine,
1962 2972 1980 2999 ‘
2005 2962 2107 3024 die
2131 2961 2365 3023 decima
2388 2960 2709 3023 Januariiss

577 3094 660 3109 —-
702 3061 905 3123 Paris.
951 3068 1014 3123 8.
1069 3083 1168 3141 ap.
1217 3060 1366 3123 Sim.
1411 3062 1753 3123 Colinoeum
1794 3062 2140 3142 prodierunt
2182 3058 2495 3120 conciones
2544 3058 2709 3119 Livii

499 3178 556 3219 c.
583 3178 646 3219 n.
691 3158 904 3220 Joach.
937 3158 1208 3219 Perionii
1251 3158 1635 3220 Benedictini
1677 3158 2157 3219 Cormoeriaceni.
2242 3155 2429 3218 Hanc
2456 3155 2554 3217 ed.
2580 3174 2711 3217 me-

497 3264 800 3315 morarunt
819 3256 1070 3315 Crenius
1091 3254 1422 3317 Animadv.
1441 3254 1675 3316 Philol.
1692 3264 1757 3315 et
1776 3254 1943 3315 Hist.
1973 3254 2058 3317 P.
2081 3270 2243 3317 vlu.
2261 3274 2323 3335 p.
2340 3258 2443 3315 82.
2490 3252 2709 3317 Hulsii

499 3351 868 3437 aliorumque
913 3351 1215 3432 catalogi.
1261 3352 1410 3413 vid.
1448 3354 1631 3413 etiam
1674 3352 1993 3413 Maittairii
2041 3351 2269 3413 Annal.
2314 3350 2708 3432 Typograph.

501 3458 644 3509 tom.
675 3464 738 3509 v.
767 3457 919 3529 part.
953 3466 1034 3511 11.
1063 3470 1201 3530 pag.-
1229 3454 1334 3512 23.

587 3550 744 3605 1583
785 3544 1034 3606 Aldinae
1059 3548 1337 3607 volumen
1365 3562 1429 3609 v.
1459 3546 1750 3619 additum,
1778 3568 1853 3607 ne
1878 3546 2024 3629 quid
2050 3544 2283 3607 deesset
2306 3545 2403 3605 isti
2424 3542 2705 3616 editioni,

501 3650 566 3703 8.
611 3642 883 3703 Exhibet
907 3662 1050 3703 vero
1079 3642 1233 3704 illud
1262 3643 1532 3705 Decadis
1550 3662 1614 3707 v.
1637 3646 1820 3706 libros
1844 3662 2047 3705 recens
2084 3643 2275 3703 editos
2304 3660 2343 3701 a
2366 3641 2519 3703 Sim.
2538 3640 2707 3722 Gry·

501 3758 634 3799 naeo
665 3740 722 3798 in
752 3739 848 3800 ed.
881 3739 1074 3802 Basil.
1109 3741 1373 3803 Froben.
1401 3742 1480 3803 cf.
1503 3741 1781 3823 supi-aed
1804 3762 1901 3803 an.
1928 3746 2358 3801 1518-1521.

589 3868 664 3883 --
702 3835 956 3897 Juntine
983 3840 1108 3915 (an.
1136 3844 1344 3913 1522.)
1371 3840 1596 3919 pariter
1612 3848 1794 3901 aucta
1814 3848 1905 3900 est
1928 3836 2252 3909 volumine,
2282 3854 2403 3916 quo
2442 3843 2709 3917 repertos

503 3932 767 3994 Decadis
801 3950 862 3994 v.
902 3933 1086 3995 libros
1124 3954 1186 3997 v.
1229 3936 1450 4019 priores
1487 3960 1535 3999 s.
1581 3957 1783 4000 eorum
1821 3936 2155 4017 fragmenta
2193 3933 2481 3997 contineri
2524 3949 2709 4015 supra

490 4032 626 4111 jam
651 4034 1083 4093 annotavimus.

585 4134 744 4187 1535
788 4129 1226 4194 Basil.11.fol.
1262 4132 1521 4196 T.Livii
1574 4131 1865 4195 Patavini
1911 4128 2143 4190 Latium
2188 4126 2483 4189 Historia
2523 4126 2707 4187 Prin-

499 4224 650 4304 cipis
677 4224 954 4289 Decedes
987 4237 1104 4291 tres
1129 4251 1268 4292 cum
1295 4232 1565 4304 dimidia,
1590 4232 1766 4309 longe
1803 4240 1999 4290 tamen
2042 4246 2219 4307 quam
2258 4246 2447 4311 nuper
2471 4244 2709 4289 enascu-
