3050 4800
511 341 728 412 12⁷ae
1167 359 1563 414 ascensus
1610 356 2043 416 sermonum

674 505 918 587 Aspera
941 505 1166 568 ridebis
1187 506 1545 586 cognomina
1566 506 1863 580 Teutana,
1888 507 2087 570 sonan

755 602 1003 684 Mitiget
1023 625 1120 665 ars
1145 603 1340 664 Musis
1363 605 1549 666 inscia
1568 605 1757 666 verba
1782 607 1993 668 virum.

686 698 1000 763 conradus
1025 701 1482 782 Schweynheim
1507 700 1817 762 Arnoldus
1840 701 2275 786 Pannartzque
2302 704 2571 784 magistri

757 801 974 862 Romae
1001 801 1416 882 impresserunt
1439 799 1589 860 talia
1612 799 1805 860 multa
1826 799 2023 862 simul.

517 952 594 1014 In
613 951 791 1012 domo
808 948 987 1012 Petri
1000 948 1076 1008 de
1097 945 1389 1008 Maximis
1416 963 1877 1010 mccccnxxn.
1904 947 2003 1011 die
2023 965 2173 1012 xvi.
2200 946 2373 1010 Julii.
2394 947 2517 1010 vid.
2533 947 2706 1010 Laire

516 1071 576 1132 p.
604 1047 930 1130 iva—qui
971 1046 1128 1108 idem
1174 1065 1312 1131 pag.
1339 1051 1480 1106 230.
1525 1044 1604 1105 de
1643 1045 1909 1107 versione
1956 1045 2212 1107 Ferrarii
2252 1045 2481 1108 Italica
2530 1053 2706 1114 1476.

515 1147 753 1219 Romae,
780 1145 1034 1228 indeque
1059 1153 1192 1206 orta
1214 1142 1637 1216 controversia,
1664 1143 1930 1226 pluribus
1954 1141 2207 1205 disserit.

592 1251 756 1310 1478
799 1242 1268 1306 Mediolanensis
1312 1258 1360 1303 1.
1407 1240 1512 1303 fol.
1558 1251 1685 1302 arte
1725 1251 1789 1303 et
1830 1241 2109 1324 impensis
2152 1241 2431 1323 Philippi
2468 1242 2547 1304 de
2588 1242 2706 1303 La-

514 1345 750 1424 vagnia.
835 1342 910 1403 In
939 1341 1236 1423 plerisque
1261 1337 1528 1402 Andreae
1553 1339 1818 1422 sequitur
1841 1339 2189 1404 editionem.

597 1447 758 1508 1480
799 1437 1264 1501 Mediolanensis
1309 1453 1387 1498 11.
1415 1435 1520 1499 fol.
1549 1458 1654 1520 per
1699 1435 1935 1498 Anton.
1982 1435 2351 1499 Zarotbum:
2395 1449 2577 1517 quam
2616 1455 2709 1496 re-

514 1538 797 1618 cognovit
837 1535 1011 1598 Petr.
1037 1535 1079 1594 J
1083 1535 1307 1598 ustinus
1349 1532 1733 1618 Philelphus.
1819 1534 1897 1596 In
1944 1533 2061 1596 fine
2104 1535 2361 1616 ascripta
2400 1543 2539 1594 sunt
2581 1534 2709 1594 haee

514 1637 732 1698 verba:
797 1643 814 1672 ‘
845 1633 988 1696 Bas
1030 1634 1135 1694 tris
1157 1627 1284 1694 Titi
1312 1631 1472 1696 Livii
1502 1631 1789 1695 Decadas
1812 1632 2037 1694 Petrus
2071 1632 2341 1692 Justinus
2376 1630 2709 1702 Philelfus,

519 1742 586 1794 ut
605 1732 812 1793 amicis
835 1729 1192 1813 quibusdam
1217 1731 1340 1792 suis
1368 1751 1591 1792 morem
1630 1739 1881 1810 gereret,
1906 1750 2088 1812 quam
2134 1729 2578 1808 diligentissime
2617 1749 2707 1788 re-

513 1831 809 1910 cognovit.
894 1828 1202 1912 Impressit
1243 1838 1444 1891 autem
1485 1827 1823 1891 Mediolani
1864 1827 2070 1910 opifex
2116 1827 2715 1889 consummatissimus

517 1928 822 1988 Antonius
849 1928 1164 1999 Zarothus‚
1207 1947 1394 2010 opera
1427 1935 1492 1988 et
1526 1927 1807 2009 impensis
1845 1925 2099 1988 Joannis
2144 1923 2433 2004 Legnani,
2476 1923 2711 1986 decimo

517 2023 825 2085 Kalendas
849 2024 1262 2088 Novembres:
1302 2025 1689 2105 regnantibus
1732 2022 2143 2084 illustrissimis
2168 2021 2503 2084 Mediolani
2542 2023 2711 2083 duci-

516 2123 626 2182 bus
673 2121 874 2196 Bona,
919 2131 984 2184 et
1026 2120 1258 2184 Joanne
1305 2123 1599 2185 Galeacio
1645 2121 1847 2184 Maria
1888 2119 2197 2203 Sphortia,
2239 2141 2398 2198 anno
2441 2141 2480 2180 a
2522 2120 2711 2182 natali

514 2218 857 2282 Christiano
881 2219 1195 2282 millesimo
1218 2219 1795 2302 quadringentesimo
1818 2217 2223 2300 octogesimo)

593 2351 678 2364 --
713 2315 1024 2379 Tarvisina
1050 2335 1098 2380 1.
1127 2339 1230 2401 per
1257 2317 1625 2380 Michaelem
1671 2317 2109 2388 Manzolinum,
2136 2315 2550 2378 Parmensem.
2636 2313 2711 2376 In

515 2410 634 2473 fine
659 2413 788 2473 haec
813 2414 1074 2496 ascripta
1097 2415 1512 2477 inveniuntur:
1558 2426 1577 2453 ‘
1599 2414 1722 2476 Titi
1752 2414 1907 2477 Livii
1938 2413 2233 2475 Patavini
2259 2413 2521 2475 historici
2548 2413 2711 2473 illus-

515 2511 621 2569 tris
662 2508 906 2573 decadis
949 2522 1174 2593 quartae
1219 2513 1358 2573 libri
1402 2513 1640 2585 finiunt,
1667 2534 1816 2595 quos
1844 2512 2115 2574 Michael
2146 2510 2531 2573 Mantolinus
2556 2512 2709 2573 Par-

511 2604 730 2673 mensis
752 2604 962 2676 ductu,
987 2606 1276 2687 impensa,
1301 2604 1625 2688 solertique
1646 2605 1964 2691 diligentia
1986 2606 2322 2667 viventibus
2346 2606 2711 2687 posterisque

515 2701 772 2782 imprimi
817 2704 1050 2763 curavit
1089 2723 1243 2766 anno
1284 2702 1492 2765 salutis
1537 2720 1991 2767 mcccclxxx.
2021 2702 2212 2784 pridie
2242 2700 2551 2763 Kalendas
2574 2700 2711 2763 No·

513 2798 828 2859 vembres!
909 2798 1126 2872 Locus,
1157 2800 1258 2861 ubi
1301 2799 1451 2861 liber
1489 2801 1803 2882 impressus
1842 2808 1953 2873 est,
1994 2820 2113 2861 non
2158 2798 2439 2860 additur..
2501 2796 2713 2865 Monet

519 2904 716 2956 autem
745 2894 1114 2959 Maittairius
1147 2897 1210 2957 in
1237 2895 1468 2959 Annal.
1494 2894 1759 2981 Typogr.
1785 2906 1930 2958 tom.
1958 2913 2055 2961 lv·
2084 2917 2145 2978 p.
2172 2904 2315 2959 406.
2342 2896 2558 2957 librum
2602 2898 2709 2956 im·

515 3013 775 3074 pressum
803 2991 1044 3075 quidem
1068 3016 1198 3055 esse
1241 3016 1282 3055 a
1321 2995 1695 3077 typographo
1722 2993 2065 3065 Parmensi,
2090 3013 2207 3054 non
2251 3002 2474 3065 tamen,
2500 3004 2571 3055 ut
2595 2992 2713 3053 Or-

513 3088 677 3151 land.
705 3111 842 3172 pag.
869 3098 1010 3153 148.
1038 3092 1312 3172 putabat,
1341 3091 1625 3161 Parmae3
1669 3098 1843 3172 putat
1866 3099 2066 3151 autem
2086 3110 2222 3151 eum
2246 3089 2561 3173 deceptum
2588 3112 2712 3153 esse

519 3206 558 3247 a
609 3186 890 3249 Cornelio
941 3188 1316 3267 Beughemio
1367 3207 1509 3268 pag.
1560 3193 1661 3248 85.
1703 3208 1881 3268 quem
1922 3188 2137 3271 saepius
2178 3187 2509 3251 describere
2536 3189 2711 3251 solet.

520 3282 752 3345 Eodem
779 3283 1052 3346 inductus
1089 3304 1280 3347 errore
1329 3282 1857 3346 Drakenborchius
1895 3284 2051 3346 hanc
2092 3281 2415 3347 editionem
2454 3286 2517 3345 in
2562 3287 2715 3349 notis

520 3380 912 3442 Parmensem
947 3383 1208 3454 vocavit,
1233 3378 1340 3441 sed
1379 3402 1708 3463 perperam.
1791 3380 1963 3442 Nam
2006 3401 2085 3442 ex
2115 3380 2437 3443 Maittairii
2483 3384 2714 3445 Annal.

518 3476 782 3560 Typogr.
807 3483 950 3541 tom.
981 3495 1028 3539 1.
1053 3500 1115 3561 p.
1141 3487 1242 3541 84.
1269 3489 1332 3540 et
1367 3488 1516 3540 tom.
1546 3495 1639 3539 lv·
1666 3500 1805 3561 pag.
1830 3486 1975 3541 235.
2000 3479 2153 3541 disci
2190 3489 2411 3562 potest,
2440 3480 2713 3543 Michae-

517 3576 640 3637 lem
665 3576 1076 3639 Manzolinum
1124 3577 1512 3639 Parmensem
1558 3578 2011 3660 typographiam
2058 3576 2315 3641 Tarvisii
2358 3580 2714 3647 exercuisse,

517 3670 860 3755 ibidemque
885 3675 964 3735 ab
1002 3692 1160 3736 anno
1185 3680 1613 3739 1477-1481.
1639 3676 1835 3737 varios
1868 3674 2050 3737 libros
2073 3675 2369 3747 emisisse3
2416 3684 2485 3736 ut
2510 3676 2715 3739 easa-

519 3790 669 3842 rem,
703 3770 876 3832 nobis
916 3771 997 3833 ad
1037 3788 1137 3834 an.
1181 3779 1364 3833 1480.
1405 3782 1773 3835 annotatum.
1856 3771 1959 3833 Ex
2001 3773 2093 3834 his
2130 3782 2320 3855 patet,
2364 3773 2521 3835 hanc
2556 3770 2715 3835 Livii

521 3868 842 3931 editionem
865 3889 990 3931 esse
1018 3871 1262 3951 primam
1288 3867 1681 3933 Tarvisinam.

603 3973 764 4029 1481
807 3966 1004 4029 Paris.
1029 3965 1134 4032 fol.
1217 3967 1406 4031 Hanc
1429 3967 1753 4029 editionem
1788 3976 2071 4029 memorat
2096 3966 2461 4029 Maittairius
2484 3967 2715 4031 Annal-

521 4062 783 4145 Typogr.
809 4074 955 4127 tom.
979 4082 1048 4126 v,
1075 4074 1231 4147 part.
1259 4081 1338 4127 11.
1364 4086 1502 4147 pag.
1532 4072 1672 4127 532.
1700 4062 1806 4127 sed
1830 4086 1907 4127 ex
1935 4064 2133 4129 aliena
2157 4074 2219 4126 et
2256 4066 2484 4144 incerta
2528 4065 2715 4129 tradi·

524 4160 707 4222 tione.
