<?xml version="1.0" encoding="UTF-8"?>
<!DOCTYPE html PUBLIC "-//W3C//DTD XHTML 1.0 Transitional//EN"
    "http://www.w3.org/TR/xhtml1/DTD/xhtml1-transitional.dtd">
<html xmlns="http://www.w3.org/1999/xhtml" xml:lang="en" lang="en">
 <head>
  <title>
</title>
<meta http-equiv="Content-Type" content="text/html;charset=utf-8" />
  <meta name='ocr-system' content='tesseract 3.04.00' />
  <meta name='ocr-capabilities' content='ocr_page ocr_carea ocr_par ocr_line ocrx_word'/>
</head>
<body>
  <div class='ocr_page' id='page_1' title='image "./tliviipatavinih32unkngoog/tliviipatavinih32unkngoog_0024.png"; bbox 0 0 3050 4800; ppageno 0'>
   <div class='ocr_carea' id='block_1_1' title="bbox 549 367 2063 435">
    <p class='ocr_par' dir='ltr' id='par_1_1' title="bbox 549 367 2063 435">
     <span class='ocr_line' id='line_1_1' title="bbox 549 367 2063 435; baseline -0.003 -1"><span class='ocrx_word' id='word_1_1' title='bbox 549 367 774 435; x_wconf 79' lang='lat'>12744</span> <span class='ocrx_word' id='word_1_2' title='bbox 1255 381 1577 432; x_wconf 69' lang='lat' dir='ltr'>norum</span> <span class='ocrx_word' id='word_1_3' title='bbox 1630 378 2063 432; x_wconf 59' lang='lat' dir='ltr'>uraniam</span> 
     </span>
    </p>
   </div>
   <div class='ocr_carea' id='block_1_2' title="bbox 535 519 2763 2635">
    <p class='ocr_par' dir='ltr' id='par_1_2' title="bbox 542 519 2763 994">
     <span class='ocr_line' id='line_1_2' title="bbox 545 519 2761 606; baseline -0.001 -20"><span class='ocrx_word' id='word_1_4' title='bbox 545 519 718 606; x_wconf 74' lang='lat' dir='ltr'>apud</span> <span class='ocrx_word' id='word_1_5' title='bbox 757 537 948 604; x_wconf 84' lang='lat' dir='ltr'>remp.</span> <span class='ocrx_word' id='word_1_6' title='bbox 989 521 1364 601; x_wconf 77' lang='lat' dir='ltr'>fungebatur.</span> <span class='ocrx_word' id='word_1_7' title='bbox 1449 521 1679 582; x_wconf 79' lang='lat' dir='ltr'>Datum</span> <span class='ocrx_word' id='word_1_8' title='bbox 1718 521 1781 583; x_wconf 90' lang='lat' dir='ltr'>id</span> <span class='ocrx_word' id='word_1_9' title='bbox 1806 521 2085 602; x_wconf 80' lang='lat' dir='ltr'>precibus</span> <span class='ocrx_word' id='word_1_10' title='bbox 2120 521 2305 600; x_wconf 61' lang='lat' dir='ltr'>regin</span> <span class='ocrx_word' id='word_1_11' title='bbox 2355 522 2593 584; x_wconf 69' lang='lat' dir='ltr'>missum</span> <span class='ocrx_word' id='word_1_12' title='bbox 2622 523 2761 584; x_wconf 78' lang='lat' dir='ltr'>bra-</span> 
     </span>
     <span class='ocr_line' id='line_1_3' title="bbox 553 614 2763 705; baseline -0.004 -22"><span class='ocrx_word' id='word_1_13' title='bbox 553 623 778 692; x_wconf 78' lang='lat' dir='ltr'>chium,</span> <span class='ocrx_word' id='word_1_14' title='bbox 827 621 928 682; x_wconf 86' lang='lat' dir='ltr'>cui</span> <span class='ocrx_word' id='word_1_15' title='bbox 972 619 1152 698; x_wconf 78' lang='lat' dir='ltr'>longo</span> <span class='ocrx_word' id='word_1_16' title='bbox 1205 627 1340 699; x_wconf 88' lang='lat' dir='ltr'>post</span> <span class='ocrx_word' id='word_1_17' title='bbox 1385 620 1671 701; x_wconf 87' lang='lat' dir='ltr'>temporis</span> <span class='ocrx_word' id='word_1_18' title='bbox 1720 617 2041 682; x_wconf 82' lang='lat' dir='ltr'>intervallo</span> <span class='ocrx_word' id='word_1_19' title='bbox 2083 629 2529 705; x_wconf 74' lang='lat' dir='ltr'>monumentum</span> <span class='ocrx_word' id='word_1_20' title='bbox 2576 614 2763 680; x_wconf 62' lang='lat' dir='ltr'>smmi</span> 
     </span>
     <span class='ocr_line' id='line_1_4' title="bbox 549 701 2759 798; baseline -0.001 -18"><span class='ocrx_word' id='word_1_21' title='bbox 549 719 1110 781; x_wconf 54' lang='lat' dir='ltr'>curavit-Iovianus</span> <span class='ocrx_word' id='word_1_22' title='bbox 1147 718 1488 787; x_wconf 81' lang='lat' dir='ltr'>Pontanus,</span> <span class='ocrx_word' id='word_1_23' title='bbox 1515 725 1721 798; x_wconf 85' lang='lat' dir='ltr'>erepto</span> <span class='ocrx_word' id='word_1_24' title='bbox 1744 716 1923 776; x_wconf 85' lang='lat' dir='ltr'>rebus</span> <span class='ocrx_word' id='word_1_25' title='bbox 1956 701 2229 778; x_wconf 77' lang='lat' dir='ltr'>humanis</span> <span class='ocrx_word' id='word_1_26' title='bbox 2252 715 2540 787; x_wconf 79' lang='lat' dir='ltr'>Alfonso,</span> <span class='ocrx_word' id='word_1_27' title='bbox 2566 718 2759 796; x_wconf 59' lang='lat' dir='ltr'>pri-w</span> 
     </span>
     <span class='ocr_line' id='line_1_5' title="bbox 543 812 2763 896; baseline -0.001 -20"><span class='ocrx_word' id='word_1_28' title='bbox 543 835 734 896; x_wconf 77' lang='lat' dir='ltr'>quam</span> <span class='ocrx_word' id='word_1_29' title='bbox 786 815 1118 896; x_wconf 78' lang='lat' dir='ltr'>Neapolim</span> <span class='ocrx_word' id='word_1_30' title='bbox 1161 815 1334 876; x_wconf 83' lang='lat' dir='ltr'>navis</span> <span class='ocrx_word' id='word_1_31' title='bbox 1385 813 1715 895; x_wconf 74' lang='lat' dir='ltr'>appelleret</span> <span class='ocrx_word' id='word_1_32' title='bbox 1762 821 1931 873; x_wconf 79' lang='lat' dir='ltr'>tanto</span> <span class='ocrx_word' id='word_1_33' title='bbox 1984 812 2233 891; x_wconf 79' lang='lat' dir='ltr'>insignis</span> <span class='ocrx_word' id='word_1_34' title='bbox 2282 829 2547 884; x_wconf 83' lang='lat' dir='ltr'>munere,</span> <span class='ocrx_word' id='word_1_35' title='bbox 2594 813 2763 892; x_wconf 83' lang='lat' dir='ltr'>quod</span> 
     </span>
     <span class='ocr_line' id='line_1_6' title="bbox 542 910 1619 994; baseline -0.004 -20"><span class='ocrx_word' id='word_1_36' title='bbox 542 911 724 974; x_wconf 64' lang='lat' dir='ltr'>avide</span> <span class='ocrx_word' id='word_1_37' title='bbox 747 912 1020 994; x_wconf 81' lang='lat' dir='ltr'>princeps</span> <span class='ocrx_word' id='word_1_38' title='bbox 1043 919 1172 972; x_wconf 81' lang='lat' dir='ltr'>erat</span> <span class='ocrx_word' id='word_1_39' title='bbox 1199 910 1619 991; x_wconf 75' lang='lat' dir='ltr'>praestolatus.’</span> 
     </span>
    </p>

    <p class='ocr_par' dir='ltr' id='par_1_3' title="bbox 535 1003 2763 2635">
     <span class='ocr_line' id='line_1_7' title="bbox 635 1003 2763 1085; baseline 0 -17"><span class='ocrx_word' id='word_1_40' title='bbox 635 1007 899 1070; x_wconf 82' lang='lat' dir='ltr'>Ridetur</span> <span class='ocrx_word' id='word_1_41' title='bbox 935 1008 1139 1068; x_wconf 85' lang='lat' dir='ltr'>Livius</span> <span class='ocrx_word' id='word_1_42' title='bbox 1189 1028 1229 1067; x_wconf 88' lang='lat' dir='ltr'>a</span> <span class='ocrx_word' id='word_1_43' title='bbox 1265 1005 1643 1077; x_wconf 80' lang='lat' dir='ltr'>Lancelloto,</span> <span class='ocrx_word' id='word_1_44' title='bbox 1680 1003 1843 1085; x_wconf 89' lang='lat' dir='ltr'>quod</span> <span class='ocrx_word' id='word_1_45' title='bbox 1878 1004 2114 1085; x_wconf 72' lang='lat' dir='ltr'><strong>scripsit</strong></span> <span class='ocrx_word' id='word_1_46' title='bbox 2144 1004 2309 1066; x_wconf 79' lang='lat' dir='ltr'>saxis</span> <span class='ocrx_word' id='word_1_47' title='bbox 2350 1003 2589 1085; x_wconf 79' lang='lat' dir='ltr'>pluisse.</span> <span class='ocrx_word' id='word_1_48' title='bbox 2672 1005 2763 1068; x_wconf 80' lang='lat' dir='ltr'>Bt</span> 
     </span>
     <span class='ocr_line' id='line_1_8' title="bbox 547 1101 2763 1186; baseline -0.001 -20"><span class='ocrx_word' id='word_1_49' title='bbox 547 1111 746 1166; x_wconf 59' lang='lat' dir='ltr'>nmen</span> <span class='ocrx_word' id='word_1_50' title='bbox 781 1105 1012 1186; x_wconf 84' lang='lat' dir='ltr'>lapides</span> <span class='ocrx_word' id='word_1_51' title='bbox 1031 1104 1110 1164; x_wconf 88' lang='lat' dir='ltr'>de</span> <span class='ocrx_word' id='word_1_52' title='bbox 1141 1103 1296 1164; x_wconf 83' lang='lat' dir='ltr'>coelo</span> <span class='ocrx_word' id='word_1_53' title='bbox 1335 1101 1585 1164; x_wconf 75' lang='lat' dir='ltr'>subinde</span> <span class='ocrx_word' id='word_1_54' title='bbox 1616 1101 1833 1162; x_wconf 84' lang='lat' dir='ltr'>cadere</span> <span class='ocrx_word' id='word_1_55' title='bbox 1856 1102 2297 1162; x_wconf 82' lang='lat' dir='ltr'>testatissimum</span> <span class='ocrx_word' id='word_1_56' title='bbox 2322 1111 2435 1172; x_wconf 84' lang='lat' dir='ltr'>est,</span> <span class='ocrx_word' id='word_1_57' title='bbox 2468 1110 2533 1162; x_wconf 89' lang='lat' dir='ltr'>et</span> <span class='ocrx_word' id='word_1_58' title='bbox 2554 1102 2763 1168; x_wconf 80' lang='lat' dir='ltr'>multis</span> 
     </span>
     <span class='ocr_line' id='line_1_9' title="bbox 543 1197 2757 1284; baseline -0.002 -20"><span class='ocrx_word' id='word_1_59' title='bbox 543 1203 840 1284; x_wconf 83' lang='lat' dir='ltr'>exemplis</span> <span class='ocrx_word' id='word_1_60' title='bbox 862 1203 1308 1283; x_wconf 84' lang='lat' dir='ltr'>comprobatum</span> <span class='ocrx_word' id='word_1_61' title='bbox 1341 1201 1422 1261; x_wconf 94' lang='lat' dir='ltr'>ab</span> <span class='ocrx_word' id='word_1_62' title='bbox 1447 1199 1721 1260; x_wconf 84' lang='lat' dir='ltr'>Antonio</span> <span class='ocrx_word' id='word_1_63' title='bbox 1740 1197 2135 1270; x_wconf 84' lang='lat' dir='ltr'>Vallisnerio‚</span> <span class='ocrx_word' id='word_1_64' title='bbox 2162 1200 2223 1260; x_wconf 88' lang='lat' dir='ltr'>in</span> <span class='ocrx_word' id='word_1_65' title='bbox 2247 1198 2465 1260; x_wconf 84' lang='lat' dir='ltr'>Diario</span> <span class='ocrx_word' id='word_1_66' title='bbox 2490 1199 2757 1273; x_wconf 84' lang='lat' dir='ltr'>Veneto,</span> 
     </span>
     <span class='ocr_line' id='line_1_10' title="bbox 544 1294 2757 1377; baseline -0.001 -19"><span class='ocrx_word' id='word_1_67' title='bbox 544 1299 840 1360; x_wconf 84' lang='lat' dir='ltr'>Giornale</span> <span class='ocrx_word' id='word_1_68' title='bbox 883 1299 980 1360; x_wconf 91' lang='lat' dir='ltr'>de&#39;</span> <span class='ocrx_word' id='word_1_69' title='bbox 1025 1298 1284 1360; x_wconf 84' lang='lat' dir='ltr'>letterati</span> <span class='ocrx_word' id='word_1_70' title='bbox 1323 1296 1585 1358; x_wconf 83' lang='lat' dir='ltr'>d&#39;Italia</span> <span class='ocrx_word' id='word_1_71' title='bbox 1606 1295 1687 1358; x_wconf 87' lang='lat' dir='ltr'>T.</span> <span class='ocrx_word' id='word_1_72' title='bbox 1710 1311 1777 1356; x_wconf 74' lang='lat' dir='ltr'>V.</span> <span class='ocrx_word' id='word_1_73' title='bbox 1802 1315 1865 1377; x_wconf 91' lang='lat' dir='ltr'>p.</span> <span class='ocrx_word' id='word_1_74' title='bbox 1890 1303 2035 1356; x_wconf 74' lang='lat'><strong>201.</strong></span> <span class='ocrx_word' id='word_1_75' title='bbox 2056 1305 2122 1356; x_wconf 88' lang='lat' dir='ltr'>et</span> <span class='ocrx_word' id='word_1_76' title='bbox 2144 1294 2221 1357; x_wconf 87' lang='lat' dir='ltr'>T.</span> <span class='ocrx_word' id='word_1_77' title='bbox 2249 1311 2485 1356; x_wconf 78' lang='lat' dir='ltr'>xxvn.</span> <span class='ocrx_word' id='word_1_78' title='bbox 2513 1316 2577 1376; x_wconf 87' lang='lat' dir='ltr'>p.</span> <span class='ocrx_word' id='word_1_79' title='bbox 2604 1301 2757 1362; x_wconf 70' lang='lat'>173.</span> 
     </span>
     <span class='ocr_line' id='line_1_11' title="bbox 539 1391 2761 1475; baseline -0.002 -19"><span class='ocrx_word' id='word_1_80' title='bbox 539 1415 670 1475; x_wconf 81' lang='lat' dir='ltr'>seq.</span> <span class='ocrx_word' id='word_1_81' title='bbox 753 1396 1044 1457; x_wconf 81' lang='lat' dir='ltr'>Alienum</span> <span class='ocrx_word' id='word_1_82' title='bbox 1095 1395 1331 1456; x_wconf 81' lang='lat' dir='ltr'>Livium</span> <span class='ocrx_word' id='word_1_83' title='bbox 1382 1394 1563 1454; x_wconf 77' lang='lat' dir='ltr'>fuisse</span> <span class='ocrx_word' id='word_1_84' title='bbox 1606 1413 1647 1454; x_wconf 84' lang='lat' dir='ltr'>a</span> <span class='ocrx_word' id='word_1_85' title='bbox 1690 1391 2047 1455; x_wconf 82' lang='lat' dir='ltr'>credulitate</span> <span class='ocrx_word' id='word_1_86' title='bbox 2088 1391 2525 1472; x_wconf 81' lang='lat' dir='ltr'>superstitiosa,</span> <span class='ocrx_word' id='word_1_87' title='bbox 2574 1391 2761 1453; x_wconf 80' lang='lat' dir='ltr'>facile</span> 
     </span>
     <span class='ocr_line' id='line_1_12' title="bbox 543 1487 2757 1572; baseline -0.001 -20"><span class='ocrx_word' id='word_1_88' title='bbox 543 1493 729 1554; x_wconf 84' lang='lat' dir='ltr'>etiam</span> <span class='ocrx_word' id='word_1_89' title='bbox 753 1501 1046 1554; x_wconf 59' lang='lat' dir='ltr'>testantur</span> <span class='ocrx_word' id='word_1_90' title='bbox 1067 1491 1202 1554; x_wconf 77' lang='lat' dir='ltr'>haec</span> <span class='ocrx_word' id='word_1_91' title='bbox 1227 1491 1401 1554; x_wconf 85' lang='lat' dir='ltr'>loca:</span> <span class='ocrx_word' id='word_1_92' title='bbox 1431 1490 1542 1552; x_wconf 88' lang='lat' dir='ltr'>lib.</span> <span class='ocrx_word' id='word_1_93' title='bbox 1564 1507 1630 1553; x_wconf 82' lang='lat' dir='ltr'>v.</span> <span class='ocrx_word' id='word_1_94' title='bbox 1654 1511 1789 1572; x_wconf 86' lang='lat' dir='ltr'>cap.</span> <span class='ocrx_word' id='word_1_95' title='bbox 1818 1496 1919 1551; x_wconf 80' lang='lat'>21.</span> <span class='ocrx_word' id='word_1_96' title='bbox 1964 1497 1983 1528; x_wconf 73' lang='lat'>⁸</span> <span class='ocrx_word' id='word_1_97' title='bbox 2010 1487 2175 1550; x_wconf 76' lang='lat' dir='ltr'>Haec</span> <span class='ocrx_word' id='word_1_98' title='bbox 2200 1487 2279 1550; x_wconf 82' lang='lat' dir='ltr'>ad</span> <span class='ocrx_word' id='word_1_99' title='bbox 2300 1489 2757 1550; x_wconf 80' lang='lat' dir='ltr'>ostentationem</span> 
     </span>
     <span class='ocr_line' id='line_1_13' title="bbox 542 1581 2755 1670; baseline -0.003 -20"><span class='ocrx_word' id='word_1_100' title='bbox 542 1607 740 1650; x_wconf 62' lang='lat' dir='ltr'>menae</span> <span class='ocrx_word' id='word_1_101' title='bbox 761 1588 1076 1669; x_wconf 73' lang='lat' dir='ltr'>gaudentis</span> <span class='ocrx_word' id='word_1_102' title='bbox 1099 1590 1406 1650; x_wconf 70' lang='lat' dir='ltr'>miraculis</span> <span class='ocrx_word' id='word_1_103' title='bbox 1427 1589 1665 1670; x_wconf 85' lang='lat' dir='ltr'>aptiora</span> <span class='ocrx_word' id='word_1_104' title='bbox 1687 1607 1869 1669; x_wconf 86' lang='lat' dir='ltr'>quam</span> <span class='ocrx_word' id='word_1_105' title='bbox 1894 1585 1977 1647; x_wconf 72' lang='lat' dir='ltr'>ad</span> <span class='ocrx_word' id='word_1_106' title='bbox 2004 1583 2210 1654; x_wconf 82' lang='lat' dir='ltr'>fidem,</span> <span class='ocrx_word' id='word_1_107' title='bbox 2242 1603 2437 1664; x_wconf 86' lang='lat' dir='ltr'>neque</span> <span class='ocrx_word' id='word_1_108' title='bbox 2464 1581 2755 1649; x_wconf 65' lang='lat' dir='ltr'>affirmare</span> 
     </span>
     <span class='ocr_line' id='line_1_14' title="bbox 537 1678 2757 1767; baseline -0.001 -21"><span class='ocrx_word' id='word_1_109' title='bbox 537 1705 740 1765; x_wconf 79' lang='lat' dir='ltr'>neque</span> <span class='ocrx_word' id='word_1_110' title='bbox 779 1685 1052 1747; x_wconf 82' lang='lat' dir='ltr'>refellere</span> <span class='ocrx_word' id='word_1_111' title='bbox 1085 1705 1282 1767; x_wconf 78' lang='lat' dir='ltr'>operae</span> <span class='ocrx_word' id='word_1_112' title='bbox 1307 1687 1564 1766; x_wconf 87' lang='lat' dir='ltr'>pretium</span> <span class='ocrx_word' id='word_1_113' title='bbox 1604 1684 1737 1744; x_wconf 62' lang='lat' dir='ltr'>est!</span> <span class='ocrx_word' id='word_1_114' title='bbox 1820 1683 1909 1744; x_wconf 85' lang='lat' dir='ltr'>Et</span> <span class='ocrx_word' id='word_1_115' title='bbox 1952 1697 2117 1742; x_wconf 82' lang='lat' dir='ltr'>vm.</span> <span class='ocrx_word' id='word_1_116' title='bbox 2152 1687 2217 1742; x_wconf 80' lang='grc'>6.</span> <span class='ocrx_word' id='word_1_117' title='bbox 2258 1687 2279 1716; x_wconf 81' lang='lat'>‘</span> <span class='ocrx_word' id='word_1_118' title='bbox 2310 1678 2379 1738; x_wconf 89' lang='lat' dir='ltr'>N</span> <span class='ocrx_word' id='word_1_119' title='bbox 2384 1699 2481 1740; x_wconf 80' lang='lat' dir='ltr'>am</span> <span class='ocrx_word' id='word_1_120' title='bbox 2510 1689 2577 1742; x_wconf 83' lang='lat' dir='ltr'>et</span> <span class='ocrx_word' id='word_1_121' title='bbox 2608 1698 2757 1744; x_wconf 74' lang='lat' dir='ltr'>vera</span> 
     </span>
     <span class='ocr_line' id='line_1_15' title="bbox 541 1775 2755 1863; baseline -0.002 -19"><span class='ocrx_word' id='word_1_122' title='bbox 541 1799 696 1852; x_wconf 60' lang='lat' dir='ltr'>me,</span> <span class='ocrx_word' id='word_1_123' title='bbox 725 1789 789 1842; x_wconf 91' lang='lat' dir='ltr'>et</span> <span class='ocrx_word' id='word_1_124' title='bbox 813 1791 954 1862; x_wconf 84' lang='lat' dir='ltr'>apte</span> <span class='ocrx_word' id='word_1_125' title='bbox 979 1781 1060 1842; x_wconf 84' lang='lat' dir='ltr'>ad</span> <span class='ocrx_word' id='word_1_126' title='bbox 1086 1780 1623 1863; x_wconf 78' lang='lat' dir='ltr'>reproesentandam</span> <span class='ocrx_word' id='word_1_127' title='bbox 1648 1779 1795 1840; x_wconf 82' lang='lat' dir='ltr'>iram</span> <span class='ocrx_word' id='word_1_128' title='bbox 1828 1775 2033 1840; x_wconf 67' lang='lat' dir='ltr'>Deum</span> <span class='ocrx_word' id='word_1_129' title='bbox 2060 1775 2203 1838; x_wconf 81' lang='lat' dir='ltr'>ficta</span> <span class='ocrx_word' id='word_1_130' title='bbox 2226 1777 2509 1858; x_wconf 63' lang='lat' dir='ltr'>ponunt-³</span> <span class='ocrx_word' id='word_1_131' title='bbox 2578 1777 2755 1839; x_wconf 78' lang='lat' dir='ltr'>Male</span> 
     </span>
     <span class='ocr_line' id='line_1_16' title="bbox 542 1872 2755 1960; baseline -0.001 -20"><span class='ocrx_word' id='word_1_132' title='bbox 542 1878 621 1940; x_wconf 88' lang='lat' dir='ltr'>de</span> <span class='ocrx_word' id='word_1_133' title='bbox 645 1879 932 1958; x_wconf 82' lang='lat' dir='ltr'>religione</span> <span class='ocrx_word' id='word_1_134' title='bbox 957 1899 1032 1940; x_wconf 87' lang='lat' dir='ltr'>ac</span> <span class='ocrx_word' id='word_1_135' title='bbox 1055 1880 1301 1960; x_wconf 81' lang='lat' dir='ltr'>pietate,</span> <span class='ocrx_word' id='word_1_136' title='bbox 1328 1879 1581 1960; x_wconf 77' lang='lat' dir='ltr'>pessime</span> <span class='ocrx_word' id='word_1_137' title='bbox 1608 1877 1685 1938; x_wconf 91' lang='lat' dir='ltr'>de</span> <span class='ocrx_word' id='word_1_138' title='bbox 1714 1877 1887 1937; x_wconf 80' lang='lat' dir='ltr'>Livio</span> <span class='ocrx_word' id='word_1_139' title='bbox 1910 1877 2157 1938; x_wconf 86' lang='lat' dir='ltr'>meritus</span> <span class='ocrx_word' id='word_1_140' title='bbox 2178 1883 2271 1934; x_wconf 87' lang='lat' dir='ltr'>est</span> <span class='ocrx_word' id='word_1_141' title='bbox 2296 1872 2397 1936; x_wconf 85' lang='lat' dir='ltr'>Jo.</span> <span class='ocrx_word' id='word_1_142' title='bbox 2424 1873 2755 1948; x_wconf 83' lang='lat' dir='ltr'>Tolandus,</span> 
     </span>
     <span class='ocr_line' id='line_1_17' title="bbox 535 1969 2753 2057; baseline -0.001 -21"><span class='ocrx_word' id='word_1_143' title='bbox 535 1977 646 2056; x_wconf 79' lang='lat' dir='ltr'>qui</span> <span class='ocrx_word' id='word_1_144' title='bbox 691 1983 761 2036; x_wconf 89' lang='lat' dir='ltr'>ut</span> <span class='ocrx_word' id='word_1_145' title='bbox 795 1975 970 2037; x_wconf 87' lang='lat' dir='ltr'>illum</span> <span class='ocrx_word' id='word_1_146' title='bbox 1011 1995 1050 2036; x_wconf 97' lang='lat' dir='ltr'>a</span> <span class='ocrx_word' id='word_1_147' title='bbox 1081 1976 1514 2057; x_wconf 75' lang='lat' dir='ltr'>superstitionis</span> <span class='ocrx_word' id='word_1_148' title='bbox 1550 1972 1754 2055; x_wconf 83' lang='lat' dir='ltr'>culpa,</span> <span class='ocrx_word' id='word_1_149' title='bbox 1800 1972 1961 2053; x_wconf 89' lang='lat' dir='ltr'>quod</span> <span class='ocrx_word' id='word_1_150' title='bbox 2010 1969 2185 2032; x_wconf 84' lang='lat' dir='ltr'>multi</span> <span class='ocrx_word' id='word_1_151' title='bbox 2221 1972 2355 2050; x_wconf 82' lang='lat' dir='ltr'>jam</span> <span class='ocrx_word' id='word_1_152' title='bbox 2395 1978 2533 2032; x_wconf 82' lang='lat' dir='ltr'>ante</span> <span class='ocrx_word' id='word_1_153' title='bbox 2582 1969 2753 2033; x_wconf 87' lang='lat' dir='ltr'>illum</span> 
     </span>
     <span class='ocr_line' id='line_1_18' title="bbox 539 2070 2755 2150; baseline -0.001 -14"><span class='ocrx_word' id='word_1_154' title='bbox 539 2073 761 2145; x_wconf 80' lang='lat' dir='ltr'>fecere,</span> <span class='ocrx_word' id='word_1_155' title='bbox 813 2075 1172 2144; x_wconf 78' lang='lat' dir='ltr'>absolverat,</span> <span class='ocrx_word' id='word_1_156' title='bbox 1227 2073 1506 2134; x_wconf 71' lang='lat' dir='ltr'>astrinxit</span> <span class='ocrx_word' id='word_1_157' title='bbox 1548 2074 1797 2134; x_wconf 60' lang='lat' dir='ltr'>invitum</span> <span class='ocrx_word' id='word_1_158' title='bbox 1842 2070 2299 2150; x_wconf 70' lang='lat' dir='ltr'>irreligiositatis</span> <span class='ocrx_word' id='word_1_159' title='bbox 2348 2078 2415 2129; x_wconf 86' lang='lat' dir='ltr'>et</span> <span class='ocrx_word' id='word_1_160' title='bbox 2454 2073 2755 2144; x_wconf 67' lang='grc' dir='ltr'><strong><em>ἀθεότητος</em></strong></span> 
     </span>
     <span class='ocr_line' id='line_1_19' title="bbox 539 2165 2753 2251; baseline -0.003 -17"><span class='ocrx_word' id='word_1_161' title='bbox 539 2171 807 2242; x_wconf 78' lang='lat' dir='ltr'>erimine,</span> <span class='ocrx_word' id='word_1_162' title='bbox 834 2169 1022 2232; x_wconf 72' lang='lat' dir='ltr'>veluti</span> <span class='ocrx_word' id='word_1_163' title='bbox 1063 2169 1210 2230; x_wconf 80' lang='lat' dir='ltr'>nihil</span> <span class='ocrx_word' id='word_1_164' title='bbox 1239 2171 1428 2251; x_wconf 83' lang='lat' dir='ltr'>possit</span> <span class='ocrx_word' id='word_1_165' title='bbox 1465 2189 1595 2230; x_wconf 84' lang='lat' dir='ltr'>esse</span> <span class='ocrx_word' id='word_1_166' title='bbox 1632 2169 1891 2230; x_wconf 85' lang='lat' dir='ltr'>medium</span> <span class='ocrx_word' id='word_1_167' title='bbox 1928 2169 2083 2228; x_wconf 88' lang='lat' dir='ltr'>inter</span> <span class='ocrx_word' id='word_1_168' title='bbox 2120 2165 2451 2228; x_wconf 80' lang='lat' dir='ltr'>modestum</span> <span class='ocrx_word' id='word_1_169' title='bbox 2481 2175 2753 2228; x_wconf 80' lang='lat' dir='ltr'>contem·</span> 
     </span>
     <span class='ocr_line' id='line_1_20' title="bbox 537 2261 2755 2347; baseline -0.001 -20"><span class='ocrx_word' id='word_1_170' title='bbox 537 2275 723 2327; x_wconf 87' lang='lat' dir='ltr'>torem</span> <span class='ocrx_word' id='word_1_171' title='bbox 751 2265 1018 2339; x_wconf 85' lang='lat' dir='ltr'>anilium,</span> <span class='ocrx_word' id='word_1_172' title='bbox 1047 2266 1256 2346; x_wconf 83' lang='lat' dir='ltr'>quales</span> <span class='ocrx_word' id='word_1_173' title='bbox 1279 2277 1454 2328; x_wconf 85' lang='lat' dir='ltr'>erant</span> <span class='ocrx_word' id='word_1_174' title='bbox 1477 2265 1783 2347; x_wconf 80' lang='lat' dir='ltr'>pleraeque</span> <span class='ocrx_word' id='word_1_175' title='bbox 1808 2263 2133 2333; x_wconf 77' lang='lat' dir='ltr'>Romanoe,</span> <span class='ocrx_word' id='word_1_176' title='bbox 2160 2261 2663 2343; x_wconf 76' lang='lat' dir='ltr'>superstitionum,</span> <span class='ocrx_word' id='word_1_177' title='bbox 2686 2271 2755 2324; x_wconf 68' lang='lat' dir='ltr'>et</span> 
     </span>
     <span class='ocr_line' id='line_1_21' title="bbox 537 2357 2749 2444; baseline 0 -23"><span class='ocrx_word' id='word_1_178' title='bbox 537 2362 942 2443; x_wconf 88' lang='lat' dir='ltr'>impudentem</span> <span class='ocrx_word' id='word_1_179' title='bbox 988 2371 1169 2443; x_wconf 82' lang='lat' dir='ltr'>atque</span> <span class='ocrx_word' id='word_1_180' title='bbox 1215 2363 1459 2444; x_wconf 91' lang='lat' dir='ltr'>impium</span> <span class='ocrx_word' id='word_1_181' title='bbox 1505 2359 1985 2424; x_wconf 74' lang='lat' dir='ltr'>conculcatorem</span> <span class='ocrx_word' id='word_1_182' title='bbox 2027 2357 2315 2420; x_wconf 87' lang='lat' dir='ltr'>Numinis</span> <span class='ocrx_word' id='word_1_183' title='bbox 2354 2367 2423 2419; x_wconf 86' lang='lat' dir='ltr'>et</span> <span class='ocrx_word' id='word_1_184' title='bbox 2464 2359 2653 2419; x_wconf 86' lang='lat' dir='ltr'>omnis</span> <span class='ocrx_word' id='word_1_185' title='bbox 2687 2359 2749 2421; x_wconf 80' lang='lat' dir='ltr'>in</span> 
     </span>
     <span class='ocr_line' id='line_1_22' title="bbox 539 2454 2751 2537; baseline 0 -20"><span class='ocrx_word' id='word_1_186' title='bbox 539 2458 874 2517; x_wconf 85' lang='lat' dir='ltr'>universum</span> <span class='ocrx_word' id='word_1_187' title='bbox 915 2458 1234 2537; x_wconf 78' lang='lat' dir='ltr'>religionis.</span> <span class='ocrx_word' id='word_1_188' title='bbox 1314 2456 1578 2518; x_wconf 85' lang='lat' dir='ltr'>Tolandi</span> <span class='ocrx_word' id='word_1_189' title='bbox 1626 2458 1778 2517; x_wconf 88' lang='lat' dir='ltr'>liber</span> <span class='ocrx_word' id='word_1_190' title='bbox 1822 2456 2182 2527; x_wconf 80' lang='lat' dir='ltr'>inscribitur,</span> <span class='ocrx_word' id='word_1_191' title='bbox 2225 2462 2243 2491; x_wconf 78' lang='lat'><em>⁶</em></span> <span class='ocrx_word' id='word_1_192' title='bbox 2276 2454 2487 2515; x_wconf 81' lang='lat' dir='ltr'>Livius</span> <span class='ocrx_word' id='word_1_193' title='bbox 2528 2455 2751 2518; x_wconf 72' lang='grc' dir='ltr'>ἀδεισι-</span> 
     </span>
     <span class='ocr_line' id='line_1_23' title="bbox 535 2549 2751 2635; baseline 0 -22"><span class='ocrx_word' id='word_1_194' title='bbox 535 2552 782 2629; x_wconf 76' lang='grc' dir='ltr'><strong><em>δαίμων,</em></strong></span> <span class='ocrx_word' id='word_1_195' title='bbox 809 2554 933 2614; x_wconf 84' lang='lat' dir='ltr'>sive</span> <span class='ocrx_word' id='word_1_196' title='bbox 971 2553 1048 2613; x_wconf 89' lang='lat' dir='ltr'>de</span> <span class='ocrx_word' id='word_1_197' title='bbox 1090 2552 1535 2635; x_wconf 85' lang='lat' dir='ltr'>Superstitionis</span> <span class='ocrx_word' id='word_1_198' title='bbox 1562 2551 1764 2632; x_wconf 78' lang='lat' dir='ltr'>Culpa</span> <span class='ocrx_word' id='word_1_199' title='bbox 1790 2552 1965 2613; x_wconf 82' lang='lat' dir='ltr'>Livio</span> <span class='ocrx_word' id='word_1_200' title='bbox 2009 2550 2161 2612; x_wconf 83' lang='lat' dir='ltr'>falso</span> <span class='ocrx_word' id='word_1_201' title='bbox 2202 2552 2467 2632; x_wconf 85' lang='lat' dir='ltr'>impacta</span> <span class='ocrx_word' id='word_1_202' title='bbox 2512 2549 2751 2613; x_wconf 68' lang='lat' dir='ltr'>nisset-</span> 
     </span>
    </p>
   </div>
   <div class='ocr_carea' id='block_1_3' title="bbox 391 2646 2747 2729">
    <p class='ocr_par' dir='ltr' id='par_1_4' title="bbox 391 2646 2747 2729">
     <span class='ocr_line' id='line_1_24' title="bbox 391 2646 2747 2729; baseline 0.003 -24"><span class='ocrx_word' id='word_1_203' title='bbox 391 2698 402 2705; x_wconf 90' lang='lat'>.</span> <span class='ocrx_word' id='word_1_204' title='bbox 535 2648 732 2721; x_wconf 81' lang='lat' dir='ltr'>tatio,&#39;</span> <span class='ocrx_word' id='word_1_205' title='bbox 799 2647 1006 2727; x_wconf 76' lang='lat' dir='ltr'>Hagae</span> <span class='ocrx_word' id='word_1_206' title='bbox 1054 2649 1306 2709; x_wconf 82' lang='lat' dir='ltr'>Comitis</span> <span class='ocrx_word' id='word_1_207' title='bbox 1357 2668 1414 2710; x_wconf 90' lang='lat' dir='ltr'>a.</span> <span class='ocrx_word' id='word_1_208' title='bbox 1461 2654 1644 2713; x_wconf 81' lang='lat'><strong>1709.</strong></span> <span class='ocrx_word' id='word_1_209' title='bbox 1688 2656 1749 2710; x_wconf 85' lang='lat'>8.</span> <span class='ocrx_word' id='word_1_210' title='bbox 1814 2648 2069 2729; x_wconf 78' lang='lat' dir='ltr'>Scripsit</span> <span class='ocrx_word' id='word_1_211' title='bbox 2118 2646 2404 2709; x_wconf 82' lang='lat' dir='ltr'>adversus</span> <span class='ocrx_word' id='word_1_212' title='bbox 2468 2667 2602 2707; x_wconf 89' lang='lat' dir='ltr'>eum</span> <span class='ocrx_word' id='word_1_213' title='bbox 2658 2648 2747 2711; x_wconf 86' lang='lat' dir='ltr'>D.</span> 
     </span>
    </p>
   </div>
   <div class='ocr_carea' id='block_1_4' title="bbox 531 2739 2745 3116">
    <p class='ocr_par' dir='ltr' id='par_1_5' title="bbox 531 2739 2745 3116">
     <span class='ocr_line' id='line_1_25' title="bbox 531 2739 2745 2826; baseline 0 -21"><span class='ocrx_word' id='word_1_214' title='bbox 531 2742 799 2805; x_wconf 82' lang='lat' dir='ltr'>Jacobus</span> <span class='ocrx_word' id='word_1_215' title='bbox 849 2744 1054 2825; x_wconf 80' lang='lat' dir='ltr'>Fayus</span> <span class='ocrx_word' id='word_1_216' title='bbox 1107 2745 1338 2826; x_wconf 83' lang='lat' dir='ltr'>Ultraj.</span> <span class='ocrx_word' id='word_1_217' title='bbox 1383 2751 1569 2810; x_wconf 81' lang='lat'><strong>1709.</strong></span> <span class='ocrx_word' id='word_1_218' title='bbox 1622 2753 1681 2806; x_wconf 84' lang='lat'>8.</span> <span class='ocrx_word' id='word_1_219' title='bbox 1730 2743 1981 2825; x_wconf 81' lang='lat' dir='ltr'>Scripsit</span> <span class='ocrx_word' id='word_1_220' title='bbox 2020 2751 2082 2804; x_wconf 90' lang='lat' dir='ltr'>et</span> <span class='ocrx_word' id='word_1_221' title='bbox 2135 2739 2307 2803; x_wconf 85' lang='lat' dir='ltr'>Elias</span> <span class='ocrx_word' id='word_1_222' title='bbox 2356 2742 2745 2817; x_wconf 83' lang='lat' dir='ltr'>Benedictus,</span> 
     </span>
     <span class='ocr_line' id='line_1_26' title="bbox 539 2838 2741 2922; baseline 0.001 -23"><span class='ocrx_word' id='word_1_223' title='bbox 539 2838 804 2911; x_wconf 83' lang='lat' dir='ltr'>Gallice,</span> <span class='ocrx_word' id='word_1_224' title='bbox 834 2838 1091 2922; x_wconf 88' lang='lat' dir='ltr'>Delphis</span> <span class='ocrx_word' id='word_1_225' title='bbox 1117 2846 1301 2905; x_wconf 80' lang='lat'>1712.</span> <span class='ocrx_word' id='word_1_226' title='bbox 1330 2850 1392 2905; x_wconf 87' lang='grc'>8.</span> <span class='ocrx_word' id='word_1_227' title='bbox 1433 2842 1719 2921; x_wconf 83' lang='lat' dir='ltr'>scripsere</span> <span class='ocrx_word' id='word_1_228' title='bbox 1748 2841 1888 2901; x_wconf 90' lang='lat' dir='ltr'>item</span> <span class='ocrx_word' id='word_1_229' title='bbox 1918 2839 2046 2901; x_wconf 88' lang='lat' dir='ltr'>alii.</span> <span class='ocrx_word' id='word_1_230' title='bbox 2085 2898 2093 2906; x_wconf 85' lang='grc'><strong>,</strong></span> <span class='ocrx_word' id='word_1_231' title='bbox 2130 2838 2254 2900; x_wconf 90' lang='lat' dir='ltr'>Sed</span> <span class='ocrx_word' id='word_1_232' title='bbox 2280 2856 2399 2899; x_wconf 88' lang='lat' dir='ltr'>non</span> <span class='ocrx_word' id='word_1_233' title='bbox 2424 2860 2575 2919; x_wconf 89' lang='lat' dir='ltr'>opus</span> <span class='ocrx_word' id='word_1_234' title='bbox 2598 2848 2741 2919; x_wconf 82' lang='lat' dir='ltr'>puto</span> 
     </span>
     <span class='ocr_line' id='line_1_27' title="bbox 536 2935 2744 3017; baseline 0.001 -22"><span class='ocrx_word' id='word_1_235' title='bbox 536 2936 738 2997; x_wconf 87' lang='lat' dir='ltr'>multis</span> <span class='ocrx_word' id='word_1_236' title='bbox 770 2956 906 2997; x_wconf 90' lang='lat' dir='ltr'>cum</span> <span class='ocrx_word' id='word_1_237' title='bbox 931 2958 1006 2998; x_wconf 89' lang='lat' dir='ltr'>eo</span> <span class='ocrx_word' id='word_1_238' title='bbox 1031 2937 1412 3008; x_wconf 86' lang='lat' dir='ltr'>contendere,</span> <span class='ocrx_word' id='word_1_239' title='bbox 1455 2939 1555 2998; x_wconf 91' lang='lat' dir='ltr'>cui</span> <span class='ocrx_word' id='word_1_240' title='bbox 1599 2940 1688 2998; x_wconf 81' lang='lat' dir='ltr'>ita</span> <span class='ocrx_word' id='word_1_241' title='bbox 1728 2938 1905 3017; x_wconf 83' lang='lat' dir='ltr'>periit</span> <span class='ocrx_word' id='word_1_242' title='bbox 1946 2935 2133 3006; x_wconf 84' lang='lat' dir='ltr'>frons,</span> <span class='ocrx_word' id='word_1_243' title='bbox 2170 2944 2238 2997; x_wconf 88' lang='lat' dir='ltr'>ut</span> <span class='ocrx_word' id='word_1_244' title='bbox 2276 2954 2395 2997; x_wconf 86' lang='lat' dir='ltr'>non</span> <span class='ocrx_word' id='word_1_245' title='bbox 2434 2936 2744 2997; x_wconf 78' lang='lat' dir='ltr'>erubescat</span> 
     </span>
     <span class='ocr_line' id='line_1_28' title="bbox 535 3030 1947 3116; baseline -0.001 -23"><span class='ocrx_word' id='word_1_246' title='bbox 535 3030 752 3095; x_wconf 85' lang='lat' dir='ltr'>Mosen</span> <span class='ocrx_word' id='word_1_247' title='bbox 781 3033 1090 3095; x_wconf 82' lang='lat' dir='ltr'>venditare</span> <span class='ocrx_word' id='word_1_248' title='bbox 1118 3055 1226 3116; x_wconf 91' lang='lat' dir='ltr'>pro</span> <span class='ocrx_word' id='word_1_249' title='bbox 1254 3043 1541 3095; x_wconf 77' lang='lat' dir='ltr'>assertore</span> <span class='ocrx_word' id='word_1_250' title='bbox 1572 3032 1947 3112; x_wconf 87' lang='lat' dir='ltr'>Spinosismi.</span> 
     </span>
    </p>
   </div>
   <div class='ocr_carea' id='block_1_5' title="bbox 1245 3260 2020 3344">
    <p class='ocr_par' dir='ltr' id='par_1_6' title="bbox 1245 3260 2020 3344">
     <span class='ocr_line' id='line_1_29' title="bbox 1245 3260 2020 3344; baseline 0 -21"><span class='ocrx_word' id='word_1_251' title='bbox 1245 3260 1412 3323; x_wconf 66' lang='lat' dir='ltr'>Livia·</span> <span class='ocrx_word' id='word_1_252' title='bbox 1438 3262 1553 3323; x_wconf 69' lang='lat' dir='ltr'>alia·</span> <span class='ocrx_word' id='word_1_253' title='bbox 1578 3262 1823 3344; x_wconf 74' lang='lat' dir='ltr'>scriptis</span> <span class='ocrx_word' id='word_1_254' title='bbox 1848 3263 2020 3325; x_wconf 75' lang='lat' dir='ltr'>clari.</span> 
     </span>
    </p>
   </div>
   <div class='ocr_carea' id='block_1_6' title="bbox 523 3435 2744 4387">
    <p class='ocr_par' dir='ltr' id='par_1_7' title="bbox 523 3435 2744 4387">
     <span class='ocr_line' id='line_1_30' title="bbox 613 3435 2743 3520; baseline 0 -22"><span class='ocrx_word' id='word_1_255' title='bbox 613 3436 800 3499; x_wconf 79' lang='lat' dir='ltr'>Alius</span> <span class='ocrx_word' id='word_1_256' title='bbox 833 3440 912 3498; x_wconf 85' lang='lat' dir='ltr'>ab</span> <span class='ocrx_word' id='word_1_257' title='bbox 947 3447 1196 3519; x_wconf 85' lang='lat' dir='ltr'>utroque</span> <span class='ocrx_word' id='word_1_258' title='bbox 1236 3438 1352 3498; x_wconf 86' lang='lat' dir='ltr'>fuit</span> <span class='ocrx_word' id='word_1_259' title='bbox 1381 3444 1434 3499; x_wconf 87' lang='grc'>1.</span> <span class='ocrx_word' id='word_1_260' title='bbox 1481 3439 1684 3499; x_wconf 84' lang='lat' dir='ltr'>Livius</span> <span class='ocrx_word' id='word_1_261' title='bbox 1724 3441 1921 3520; x_wconf 84' lang='lat' dir='ltr'>patria</span> <span class='ocrx_word' id='word_1_262' title='bbox 1957 3439 2207 3511; x_wconf 83' lang='lat' dir='ltr'>Poenus,</span> <span class='ocrx_word' id='word_1_263' title='bbox 2236 3458 2413 3520; x_wconf 90' lang='lat' dir='ltr'>quem</span> <span class='ocrx_word' id='word_1_264' title='bbox 2456 3435 2743 3499; x_wconf 80' lang='lat' dir='ltr'>Valerius</span> 
     </span>
     <span class='ocr_line' id='line_1_31' title="bbox 529 3532 2739 3615; baseline 0.002 -24"><span class='ocrx_word' id='word_1_265' title='bbox 529 3532 770 3612; x_wconf 87' lang='lat' dir='ltr'>quidam</span> <span class='ocrx_word' id='word_1_266' title='bbox 799 3536 855 3593; x_wconf 87' lang='lat' dir='ltr'>in</span> <span class='ocrx_word' id='word_1_267' title='bbox 883 3534 1158 3615; x_wconf 75' lang='lat' dir='ltr'>Epistola</span> <span class='ocrx_word' id='word_1_268' title='bbox 1183 3532 1260 3593; x_wconf 86' lang='lat' dir='ltr'>ad</span> <span class='ocrx_word' id='word_1_269' title='bbox 1289 3533 1607 3605; x_wconf 80' lang='lat' dir='ltr'>Rufinum,</span> <span class='ocrx_word' id='word_1_270' title='bbox 1634 3534 1712 3594; x_wconf 91' lang='lat' dir='ltr'>de</span> <span class='ocrx_word' id='word_1_271' title='bbox 1740 3532 1858 3595; x_wconf 84' lang='lat' dir='ltr'>non</span> <span class='ocrx_word' id='word_1_272' title='bbox 1892 3534 2169 3597; x_wconf 85' lang='lat' dir='ltr'>ducenda</span> <span class='ocrx_word' id='word_1_273' title='bbox 2192 3555 2401 3608; x_wconf 85' lang='lat' dir='ltr'>uxore,</span> <span class='ocrx_word' id='word_1_274' title='bbox 2426 3554 2563 3615; x_wconf 79' lang='lat' dir='ltr'>quae</span> <span class='ocrx_word' id='word_1_275' title='bbox 2591 3534 2739 3614; x_wconf 76' lang='lat' dir='ltr'>leg-i—</span> 
     </span>
     <span class='ocr_line' id='line_1_32' title="bbox 531 3629 2744 3711; baseline 0.002 -24"><span class='ocrx_word' id='word_1_276' title='bbox 531 3637 628 3688; x_wconf 88' lang='lat' dir='ltr'>tur</span> <span class='ocrx_word' id='word_1_277' title='bbox 653 3629 804 3691; x_wconf 87' lang='lat' dir='ltr'>inter</span> <span class='ocrx_word' id='word_1_278' title='bbox 830 3630 1036 3711; x_wconf 81' lang='lat' dir='ltr'>Opera</span> <span class='ocrx_word' id='word_1_279' title='bbox 1077 3629 1148 3692; x_wconf 88' lang='lat' dir='ltr'>S.</span> <span class='ocrx_word' id='word_1_280' title='bbox 1174 3630 1563 3711; x_wconf 80' lang='lat' dir='ltr'>Hieronymi,</span> <span class='ocrx_word' id='word_1_281' title='bbox 1606 3641 1623 3668; x_wconf 88' lang='lat'>‘</span> <span class='ocrx_word' id='word_1_282' title='bbox 1645 3650 1884 3711; x_wconf 77' lang='lat' dir='ltr'>gravem</span> <span class='ocrx_word' id='word_1_283' title='bbox 1910 3642 1973 3692; x_wconf 90' lang='lat' dir='ltr'>et</span> <span class='ocrx_word' id='word_1_284' title='bbox 2011 3642 2327 3694; x_wconf 81' lang='lat' dir='ltr'>uxoratum</span> <span class='ocrx_word' id='word_1_285' title='bbox 2364 3632 2744 3710; x_wconf 76' lang='lat' dir='ltr'>historiogra-</span> 
     </span>
     <span class='ocr_line' id='line_1_33' title="bbox 527 3724 2742 3807; baseline 0.002 -25"><span class='ocrx_word' id='word_1_286' title='bbox 527 3724 732 3804; x_wconf 87' lang='lat' dir='ltr'>phum&#39;</span> <span class='ocrx_word' id='word_1_287' title='bbox 760 3736 960 3797; x_wconf 86' lang='lat' dir='ltr'>vocat,</span> <span class='ocrx_word' id='word_1_288' title='bbox 999 3726 1180 3803; x_wconf 84' lang='lat' dir='ltr'>(forte</span> <span class='ocrx_word' id='word_1_289' title='bbox 1215 3726 1585 3787; x_wconf 82' lang='lat' dir='ltr'>confundens</span> <span class='ocrx_word' id='word_1_290' title='bbox 1618 3746 1753 3787; x_wconf 84' lang='lat' dir='ltr'>eum</span> <span class='ocrx_word' id='word_1_291' title='bbox 1778 3748 1913 3789; x_wconf 91' lang='lat' dir='ltr'>cum</span> <span class='ocrx_word' id='word_1_292' title='bbox 1940 3728 2016 3788; x_wconf 90' lang='lat' dir='ltr'>T.</span> <span class='ocrx_word' id='word_1_293' title='bbox 2045 3726 2268 3807; x_wconf 82' lang='lat' dir='ltr'>Livio,)</span> <span class='ocrx_word' id='word_1_294' title='bbox 2314 3728 2611 3807; x_wconf 69' lang='lat' dir='ltr'>refertque</span> <span class='ocrx_word' id='word_1_295' title='bbox 2646 3728 2742 3787; x_wconf 76' lang='lat' dir='ltr'>his</span> 
     </span>
     <span class='ocr_line' id='line_1_34' title="bbox 527 3820 2737 3905; baseline 0.002 -27"><span class='ocrx_word' id='word_1_296' title='bbox 527 3820 726 3879; x_wconf 81' lang='lat' dir='ltr'>verbis</span> <span class='ocrx_word' id='word_1_297' title='bbox 753 3821 1196 3902; x_wconf 80' lang='lat' dir='ltr'>reprehendisse</span> <span class='ocrx_word' id='word_1_298' title='bbox 1223 3821 1547 3894; x_wconf 80' lang='lat' dir='ltr'>Cannium,</span> <span class='ocrx_word' id='word_1_299' title='bbox 1574 3842 1613 3885; x_wconf 85' lang='lat' dir='ltr'>a</span> <span class='ocrx_word' id='word_1_300' title='bbox 1640 3823 1917 3884; x_wconf 82' lang='lat' dir='ltr'>Gadibus</span> <span class='ocrx_word' id='word_1_301' title='bbox 1943 3822 2231 3885; x_wconf 87' lang='lat' dir='ltr'>Herculis</span> <span class='ocrx_word' id='word_1_302' title='bbox 2256 3832 2495 3905; x_wconf 63' lang='lat' dir='ltr'>poetam</span> <span class='ocrx_word' id='word_1_303' title='bbox 2527 3822 2737 3883; x_wconf 73' lang='lat' dir='ltr'>facum-</span> 
     </span>
     <span class='ocr_line' id='line_1_35' title="bbox 525 3914 2734 4002; baseline 0.001 -27"><span class='ocrx_word' id='word_1_304' title='bbox 525 3914 643 3976; x_wconf 78' lang='lat' dir='ltr'>diae</span> <span class='ocrx_word' id='word_1_305' title='bbox 672 3915 823 3977; x_wconf 89' lang='lat' dir='ltr'>lenis</span> <span class='ocrx_word' id='word_1_306' title='bbox 846 3926 910 3977; x_wconf 91' lang='lat' dir='ltr'>et</span> <span class='ocrx_word' id='word_1_307' title='bbox 920 3918 1233 3998; x_wconf 81' lang='lat' dir='ltr'>jucundae‚</span> <span class='ocrx_word' id='word_1_308' title='bbox 1261 3918 1593 3995; x_wconf 73' lang='lat' dir='ltr'>(Martiali,</span> <span class='ocrx_word' id='word_1_309' title='bbox 1620 3921 1724 4000; x_wconf 89' lang='lat' dir='ltr'>qui</span> <span class='ocrx_word' id='word_1_310' title='bbox 1750 3922 1880 3999; x_wconf 82' lang='lat' dir='ltr'>ejus</span> <span class='ocrx_word' id='word_1_311' title='bbox 1904 3938 2064 4002; x_wconf 79' lang='lat' dir='ltr'>soepe</span> <span class='ocrx_word' id='word_1_312' title='bbox 2097 3920 2386 3991; x_wconf 87' lang='lat' dir='ltr'>meminit,</span> <span class='ocrx_word' id='word_1_313' title='bbox 2412 3918 2734 3998; x_wconf 64' lang='lat' dir='ltr'>aequalem)</span> 
     </span>
     <span class='ocr_line' id='line_1_36' title="bbox 527 4010 2737 4099; baseline 0.001 -28"><span class='ocrx_word' id='word_1_314' title='bbox 527 4012 688 4093; x_wconf 90' lang='lat' dir='ltr'>quod</span> <span class='ocrx_word' id='word_1_315' title='bbox 722 4010 1038 4073; x_wconf 83' lang='lat' dir='ltr'>multarum</span> <span class='ocrx_word' id='word_1_316' title='bbox 1068 4012 1353 4093; x_wconf 79' lang='lat' dir='ltr'>gauderet</span> <span class='ocrx_word' id='word_1_317' title='bbox 1391 4016 1723 4085; x_wconf 83' lang='lat' dir='ltr'>amoribns;</span> <span class='ocrx_word' id='word_1_318' title='bbox 1768 4025 1787 4052; x_wconf 86' lang='lat'>‘</span> <span class='ocrx_word' id='word_1_319' title='bbox 1812 4015 2102 4077; x_wconf 82' lang='lat' dir='ltr'>Nostram</span> <span class='ocrx_word' id='word_1_320' title='bbox 2131 4015 2564 4099; x_wconf 85' lang='lat' dir='ltr'>philosophiam</span> <span class='ocrx_word' id='word_1_321' title='bbox 2598 4034 2737 4095; x_wconf 82' lang='lat' dir='ltr'>par·</span> 
     </span>
     <span class='ocr_line' id='line_1_37' title="bbox 523 4108 2735 4193; baseline 0.002 -27"><span class='ocrx_word' id='word_1_322' title='bbox 523 4108 776 4188; x_wconf 84' lang='lat' dir='ltr'>ticipare</span> <span class='ocrx_word' id='word_1_323' title='bbox 823 4126 941 4169; x_wconf 89' lang='lat' dir='ltr'>non</span> <span class='ocrx_word' id='word_1_324' title='bbox 967 4110 1209 4191; x_wconf 87' lang='lat' dir='ltr'>poteris,</span> <span class='ocrx_word' id='word_1_325' title='bbox 1236 4109 1378 4170; x_wconf 89' lang='lat' dir='ltr'>dum</span> <span class='ocrx_word' id='word_1_326' title='bbox 1408 4128 1447 4170; x_wconf 87' lang='lat' dir='ltr'>a</span> <span class='ocrx_word' id='word_1_327' title='bbox 1485 4119 1580 4172; x_wconf 82' lang='lat' dir='ltr'>tot</span> <span class='ocrx_word' id='word_1_328' title='bbox 1612 4110 2021 4193; x_wconf 84' lang='lat' dir='ltr'>participaris:</span> <span class='ocrx_word' id='word_1_329' title='bbox 2060 4122 2079 4149; x_wconf 80' lang='lat'><em>⁶</em></span> <span class='ocrx_word' id='word_1_330' title='bbox 2104 4132 2218 4173; x_wconf 91' lang='lat' dir='ltr'>non</span> <span class='ocrx_word' id='word_1_331' title='bbox 2246 4112 2402 4173; x_wconf 90' lang='lat' dir='ltr'>enim</span> <span class='ocrx_word' id='word_1_332' title='bbox 2428 4131 2500 4171; x_wconf 88' lang='lat' dir='ltr'>eo</span> <span class='ocrx_word' id='word_1_333' title='bbox 2523 4110 2735 4190; x_wconf 86' lang='lat' dir='ltr'>jecore</span> 
     </span>
     <span class='ocr_line' id='line_1_38' title="bbox 524 4202 2737 4293; baseline 0.002 -33"><span class='ocrx_word' id='word_1_334' title='bbox 524 4202 820 4264; x_wconf 81' lang='lat' dir='ltr'>Junonem</span> <span class='ocrx_word' id='word_1_335' title='bbox 865 4216 1030 4266; x_wconf 87' lang='lat' dir='ltr'>amat</span> <span class='ocrx_word' id='word_1_336' title='bbox 1065 4206 1282 4276; x_wconf 88' lang='lat' dir='ltr'>Titius,</span> <span class='ocrx_word' id='word_1_337' title='bbox 1321 4206 1482 4286; x_wconf 90' lang='lat' dir='ltr'>quod</span> <span class='ocrx_word' id='word_1_338' title='bbox 1533 4207 1702 4267; x_wconf 90' lang='lat' dir='ltr'>multi</span> <span class='ocrx_word' id='word_1_339' title='bbox 1750 4207 2009 4269; x_wconf 79' lang='lat' dir='ltr'>vultures</span> <span class='ocrx_word' id='word_1_340' title='bbox 2052 4210 2109 4268; x_wconf 86' lang='lat' dir='ltr'>in</span> <span class='ocrx_word' id='word_1_341' title='bbox 2156 4208 2347 4269; x_wconf 86' lang='lat' dir='ltr'>multa</span> <span class='ocrx_word' id='word_1_342' title='bbox 2392 4205 2737 4293; x_wconf 64' lang='lat' dir='ltr'>divellunt?</span> 
     </span>
     <span class='ocr_line' id='line_1_39' title="bbox 527 4297 2733 4387; baseline 0.001 -28"><span class='ocrx_word' id='word_1_343' title='bbox 527 4297 736 4378; x_wconf 83' lang='lat' dir='ltr'>Hujus</span> <span class='ocrx_word' id='word_1_344' title='bbox 779 4298 935 4361; x_wconf 80' lang='lat' dir='ltr'>Livii</span> <span class='ocrx_word' id='word_1_345' title='bbox 975 4302 1201 4364; x_wconf 85' lang='lat' dir='ltr'>nullam</span> <span class='ocrx_word' id='word_1_346' title='bbox 1244 4302 1372 4365; x_wconf 83' lang='lat' dir='ltr'>fieri</span> <span class='ocrx_word' id='word_1_347' title='bbox 1419 4304 1777 4366; x_wconf 78' lang='lat' dir='ltr'>mentionem</span> <span class='ocrx_word' id='word_1_348' title='bbox 1818 4307 1875 4366; x_wconf 89' lang='lat' dir='ltr'>in</span> <span class='ocrx_word' id='word_1_349' title='bbox 1904 4306 2191 4387; x_wconf 81' lang='lat' dir='ltr'>praeclaro</span> <span class='ocrx_word' id='word_1_350' title='bbox 2218 4303 2422 4368; x_wconf 69' lang='lat' dir='ltr'>vossii</span> <span class='ocrx_word' id='word_1_351' title='bbox 2448 4323 2625 4385; x_wconf 88' lang='lat' dir='ltr'>opere</span> <span class='ocrx_word' id='word_1_352' title='bbox 2654 4300 2733 4362; x_wconf 84' lang='lat' dir='ltr'>de</span> 
     </span>
    </p>
   </div>
   <div class='ocr_carea' id='block_1_7' title="bbox 3012 2950 3023 3875">
    <p class='ocr_par' dir='ltr' id='par_1_8' title="bbox 3012 2950 3023 3875">
     <span class='ocr_line' id='line_1_40' title="bbox 3012 2950 3023 3875; baseline 0 0"><span class='ocrx_word' id='word_1_353' title='bbox 3012 2950 3023 3875; x_wconf 95' lang='lat' dir='ltr'> </span> 
     </span>
    </p>
   </div>
   <div class='ocr_carea' id='block_1_8' title="bbox 3012 4012 3023 4774">
    <p class='ocr_par' dir='ltr' id='par_1_9' title="bbox 3012 4012 3023 4774">
     <span class='ocr_line' id='line_1_41' title="bbox 3012 4012 3023 4774; baseline 0 0"><span class='ocrx_word' id='word_1_354' title='bbox 3012 4012 3023 4774; x_wconf 95' lang='lat' dir='ltr'> </span> 
     </span>
    </p>
   </div>
  </div>
 </body>
</html>
