3050 4800
505 378 726 446 :2774
1162 394 1555 446 nncssNsus
1608 397 2045 448 murionum

509 537 816 598 Modianae
842 537 1194 599 recensionis
1211 537 1398 617 vulgo
1423 538 1645 610 referri,
1672 541 1980 621 potiusque
2019 539 2369 601 Godelevaei
2394 542 2475 602 ob
2496 561 2709 604 recens

503 637 820 716 adjunctas
843 635 995 696 obss.
1023 634 1144 695 dici
1169 655 1337 716 posse
1363 644 1551 716 patet.
1616 636 1783 703 Quin
1811 639 1937 718 ipse
1962 639 2165 698 scribit
2190 638 2269 698 ad
2292 637 2703 719 Episcopium,

499 753 568 793 se
593 731 748 794 han'c
771 750 936 792 suam
963 732 1227 813 opellam
1256 733 1390 812 ipsi,
1415 734 1640 815 quippe
1682 736 1780 795 cui
1808 735 1967 795 Livii
2006 735 2309 816 impressio
2348 756 2425 796 ex
2456 736 2703 798 Herva-

503 831 681 908 giana
731 828 1080 890 haereditate
1145 829 1410 890 delatam
1469 851 1597 891 esse
1640 834 2015 913 compererit,
2070 835 2261 914 primo
2310 835 2705 895 transmittere
2772 840 2777 846 '

503 928 564 986 in
591 927 788 986 animo
811 926 1107 987 habuisse.
1150 937 1168 963 ‘
1199 926 1528 996 Ceterum‚’
1544 931 1757 1010 pergit,
1782 939 1801 966 ‘
1824 950 1961 990 cum
1984 929 2502 992 Francofurtenses
2522 941 2703 1013 typo-

502 1024 778 1104 graphos,
829 1026 984 1084 viros
1033 1025 1310 1106 optimos,
1361 1024 1559 1086 swdio
1608 1029 1693 1088 rei
1738 1026 2021 1088 literariae
2070 1026 2355 1106 juvanda!
2396 1037 2461 1088 te
2506 1030 2567 1089 in
2622 1049 2702 1089 ea

503 1123 886 1182 antevenisse
913 1123 1342 1202 cognovissem,
1369 1122 1655 1203 quidquid
1677 1124 1854 1203 hujus
1874 1124 2091 1205 opelloe
2110 1123 2244 1195 fuit,
2268 1126 2413 1206 ipsis
2436 1124 2703 1186 tradidi?

503 1215 691 1278 Unde
735 1218 912 1279 simul
953 1219 1313 1299 colligimus,
1355 1219 1707 1280 Godelevaei
1752 1221 1933 1282 Obss.
1976 1220 2257 1281 mendose
2314 1223 2395 1282 ab
2444 1222 2581 1283 aliis
2620 1219 2703 1282 ad

499 1315 722 1394 priores
763 1335 946 1376 annos
987 1315 1211 1388 referri,
1241 1326 1313 1377 ut
1335 1316 1398 1375 in
1437 1316 1649 1378 Indice
1680 1316 2255 1378 Drakenborchiano
2281 1318 2360 1380 ad
2388 1337 2487 1380 an.
2518 1325 2702 1379 1551.

499 1412 779 1472 Ceterum
807 1415 942 1493 quis
981 1423 1212 1473 textum
1257 1414 1496 1485 rexerit,
1536 1423 1643 1474 aut
1678 1413 1742 1474 id
1766 1415 2047 1495 temporis
2082 1433 2120 1474 a
2158 1413 2395 1494 Sigism.
2439 1415 2703 1497 Feyera-

493 1508 715 1569 bendio
761 1511 1060 1571 adhibitus
1099 1511 1178 1570 sit
1215 1520 1512 1572 corrector
1555 1529 1865 1591 operarum
1908 1520 2143 1592 typogr.
2192 1513 2362 1571 uobis
2400 1512 2559 1572 haud
2606 1531 2705 1572 re-

495 1607 762 1688 pertum3
808 1608 918 1668 nisi
955 1609 1006 1668 is
1029 1608 1208 1668 fuerit
1235 1608 1449 1669 Joach.
1479 1607 1776 1680 Grellius,
1808 1607 2225 1688 chronologia
2251 1607 2517 1669 Livianae
2559 1629 2703 1670 auc-

495 1715 609 1765 tor.
671 1701 882 1766 Franc.
913 1714 1072 1766 certe
1121 1705 1398 1766 Medium
1423 1725 1525 1766 an.
1554 1705 1792 1766 demum
1822 1701 2003 1766 1586.
2044 1704 2331 1766 adhibere
2358 1708 2542 1787 coepit
2566 1705 2702 1786 sig.

498 1803 1001 1886 Feyerabendius,
1043 1811 1193 1863 teste
1239 1803 1470 1865 Melch.
1498 1803 1769 1864 Adamio
1814 1804 1877 1862 in
1926 1803 2056 1864 vita
2103 1803 2175 1863 M
2178 1801 2300 1862 odii
2348 1804 2503 1864 inter
2548 1805 2705 1864 vitas

493 1901 851 1982 Philosoph.
875 1901 1020 1961 edit.
1051 1916 1161 1961 111.
1189 1921 1325 1984 pag.
1353 1907 1495 1963 198.
1566 1901 1855 1964 Servatur
1880 1911 2079 1962 autem
2106 1901 2235 1962 baec
2260 1900 2409 1962 edit.
2438 1901 2499 1960 in
2530 1900 2703 1964 Bibl.

495 1997 808 2080 principali
831 1998 1179 2078 Bipontina.

583 2103 740 2160 1572
782 2093 1018 2156 Aldina
1051 2111 1164 2156 111.
1211 2095 1440 2175 Sigonii
1488 2097 1701 2156 iterum
1746 2095 1996 2158 auctior.
2080 2095 2356 2157 Venetiis
2383 2096 2447 2154 in
2475 2093 2707 2157 aedibus

501 2193 894 2263 Manutianis,
919 2193 1022 2254 fol.
1049 2213 1186 2255 cum
1227 2193 1454 2273 Sigonii
1479 2193 1721 2254 scholiis
1744 2196 1825 2255 ab
1850 2203 2091 2255 auctore
2118 2193 2319 2254 multis
2344 2195 2404 2254 iu
2432 2194 2706 2274 partibus

497 2293 707 2362 auctis,
747 2299 810 2351 et
843 2290 1207 2370 chronolog.
1239 2291 1509 2352 Liviana.
1585 2291 1875 2353 Continet
1892 2294 2075 2353 etiam
2098 2291 2489 2352 Defensiones
2510 2291 2702 2352 Scho-

495 2389 708 2451 liorum
735 2388 965 2469 Sigonii
987 2397 1200 2449 contra
1227 2387 1649 2450 Robortellum
1676 2397 1739 2450 et
1763 2389 1931 2452 alios.

580 2492 740 2550 15⁷3
782 2486 980 2546 Paris.
1021 2484 1127 2546 fol.
1179 2502 1256 2546 11.
1302 2494 1519 2567 partes.
1564 2484 1693 2545 Titi
1720 2485 1875 2546 Livii
1919 2486 2211 2546 Patavini
2237 2484 2529 2547 Historiae
2568 2484 2703 2548 Ro·

497 2602 690 2643 manae
717 2584 795 2642 ab
823 2586 968 2644 urbe
1011 2582 1260 2643 condita
1303 2582 1441 2643 libri
1487 2600 1647 2644 nv.
1694 2592 1988 2665 quotquot
2032 2584 2111 2643 ad
2152 2593 2414 2645 nostram
2460 2592 2702 2646 aetatem

497 2687 908 2761 pervenerunt,
935 2699 1070 2739 cum
1097 2680 1538 2741 commentariis
1579 2681 1840 2742 omnium
1882 2682 2262 2763 interpretum
2307 2682 2383 2742 ad
2432 2683 2703 2761 explica-

496 2780 718 2837 tionem
768 2776 1030 2837 locorum
1079 2776 1434 2850 difficilium,
1487 2798 1522 2839 e
1566 2779 1807 2857 regione
1850 2780 2099 2841 insertis.
2186 2778 2311 2839 His
2348 2778 2699 2859 adjecimm,

497 2874 655 2935 ultra
667 2875 905 2953 brevem
922 2874 1079 2934 Livii
1095 2874 1166 2935 L.
1185 2875 1366 2935 etiam
1390 2874 1555 2935 Flori
1586 2874 1931 2957 Epitomen‚
1962 2876 2189 2955 Sigonii
2212 2876 2699 2955 chronologiam,

497 2972 823 3053 Pomponii
872 2971 1022 3032 Loeti
1045 2971 1122 3032 de
1148 2971 1637 3054 Antiquitatibus
1678 2972 2116 3045 Romanorum,
2156 2982 2221 3033 et
2254 2972 2537 3055 pleraque
2578 2973 2703 3036 alia

497 3068 576 3131 ad
631 3068 973 3131 Romanam
1024 3070 1330 3131 historiam
1383 3072 1766 3151 pertinentia,
1818 3090 1955 3151 quae
2010 3072 2232 3151 pag-ina
2282 3088 2377 3131 vr.
2430 3070 2699 3133 docebit.

497 3158 754 3227 Lutetia
778 3168 1171 3237 Parisiorum,
1209 3167 1370 3248 apud
1399 3168 1763 3228 Michaelem
1794 3166 2079 3227 Sonuium
2126 3168 2229 3227 via
2252 3167 2561 3239 Jacoboea,
2586 3170 2701 3229 sub

495 3274 662 3325 scuto
719 3264 1037 3326 Basiliensi
1095 3272 1464 3325 Manxul.
1530 3284 1667 3324 cum
1726 3264 2041 3347 privilegio
2096 3263 2305 3344 Regis.
2422 3264 2499 3327 In
2554 3265 2699 3337 fine,

497 3366 516 3402 ⁸·
548 3362 824 3432 Lutetiae,
863 3362 1146 3431 cudebat,
1183 3362 1458 3442 typisque
1495 3361 1823 3422 mandabat
1876 3361 2139 3422 Joannes
2178 3362 2475 3434 Charton,
2516 3372 2697 3445 typo—

495 3458 773 3539 graphus,
827 3476 982 3519 anno
1038 3457 1282 3518 Domini
1351 3458 1665 3519 millesimo
1736 3460 2203 3539 quingentesimo
2263 3462 2699 3540 septuagesimo

495 3557 692 3627 tertio,
720 3565 932 3637 quarto
961 3554 1113 3615 Idus
1137 3554 1304 3615 Junii
1331 3558 1727 3615 Motxxnx?
1770 3556 1965 3616 Verso
1986 3556 2163 3617 titulo
2192 3576 2327 3637 pag.
2358 3564 2417 3617 3.
2458 3557 2699 3634 legitur,

497 3663 514 3689 ‘
546 3652 761 3714 Jacobi
791 3653 1040 3713 Gohorii
1079 3651 1156 3712 ad
1185 3650 1603 3713 Reverendum
1632 3653 1965 3715 Carnutum
2012 3653 2335 3715 antistitem
2368 3652 2451 3715 D.
2494 3654 2693 3714 Nico-

493 3748 654 3809 laum
679 3748 996 3809 Thuanum
1023 3748 1277 3830 epistola
1301 3748 1671 3827 dedicatoria
1696 3750 1841 3812 data
1869 3751 2067 3810 Lutet.
2098 3750 2299 3810 Paris.
2324 3766 2696 3814 Manxur.

496 3846 708 3907 Idibus
747 3846 956 3907 Junii!
995 3856 1014 3883 ‘
1038 3844 1300 3927 Itaque‚'
1343 3848 1429 3907 ait
1467 3846 1790 3921 Gohorius‚
1834 3858 1853 3885 ‘
1880 3846 1956 3907 T.
1985 3848 2213 3918 LiviuS,
2254 3848 2402 3907 meis
2426 3850 2695 3908 animad-

499 3945 862 4005 versionibus
886 3944 1092 4024 paucis
1117 3943 1260 4005 licet
1281 3946 1623 4017 instructus,
1653 3948 1905 4027 primum
1930 3944 2129 4025 prodit
2152 3945 2213 4003 in
2236 3944 2453 4017 lucem,
2498 3948 2601 4026 qui
2642 3948 2697 4006 si

493 4042 736 4121 quando
771 4042 980 4101 iterum
1005 4032 1270 4116 dabitur,
1307 4041 1494 4104 multo
1517 4044 1782 4125 prodibit
1804 4042 2181 4103 instructior?
2224 4042 2416 4121 (Haec
2442 4042 2696 4105 Gohorii

496 4138 679 4198 verba
721 4140 997 4219 probant,
1049 4139 1383 4201 Ernesu'um
1417 4142 1478 4200 in
1521 4141 1603 4202 B.
1632 4141 1702 4200 L.
1741 4140 1923 4200 aliam
1958 4139 2301 4199 Parisinam
2340 4140 2483 4200 edit.
2515 4148 2694 4205 1572.

495 4254 600 4315 per
644 4234 778 4297 Jac.
823 4233 1156 4298 G'ohorium
1193 4258 1332 4299 cum
1357 4239 1677 4299 multorum
1706 4238 1861 4298 notis
1884 4246 2305 4299 memorantem
2330 4242 2693 4318 επακ.)-
