3050 4800
504 365 724 436 12764
1169 381 1565 434 ascensus
1618 383 2051 434 annuorum

505 527 910 588 Ascensianas
961 547 1246 588 annorum
1311 531 1487 588 1513.
1536 535 1601 586 et
1623 531 1806 588 1516.
1846 527 2151 589 continere
2190 534 2371 588 antea
2418 545 2527 588 mo
2573 527 2711 591 loeo.

501 623 796 694 diximum
841 643 954 685 nec
979 625 1300 706 quicquam
1324 624 1463 685 novi
1487 623 1631 684 boni
1656 624 1859 686 babet.

667 849 914 911 AETAS
955 848 1093 910 111.
1135 850 1322 931 primo
1365 847 1974 918 BASILIENSIS,
2016 857 2142 910 tum
2168 848 2538 910 ALDINA

1124 955 1189 1007 et
1227 943 2161 1018 FRANCOFURTENSIS,

1384 1049 1808 1104 1531—1588.

505 1209 664 1276 Qum
689 1208 769 1270 ab
807 1228 904 1269 an.
941 1213 1122 1268 1531.
1173 1224 1330 1268 nova
1365 1205 1539 1266 Livio
1600 1206 2013 1286 supplementa
2056 1223 2135 1266 ex
2181 1205 2337 1268 eod.
2388 1207 2705 1270 laurisha-

503 1306 687 1365 mensi
723 1303 932 1365 attulit
973 1303 1260 1384 praefante
1306 1300 1454 1363 Des.
1489 1301 1743 1362 Erasmo
1780 1299 2215 1374 Roterodamo,
2253 1304 2705 1368 administrante

503 1399 652 1462 Sim.
689 1399 978 1482 Grynaeo,
1005 1398 1164 1461 unde
1197 1397 1334 1462 edd.
1381 1397 1741 1458 Basilienses
1762 1397 2177 1472 Frobenianae,
2206 1401 2709 1483 Episcopianaeet

505 1497 916 1578 Hervagianoe
967 1497 1284 1569 auctiores,
1337 1515 1408 1556 ac
1463 1493 1663 1565 simul,
1690 1549 1695 1554 .
1719 1495 1909 1576 primo
1958 1495 2037 1555 B.
2088 1495 2395 1570 Rhenani,
2464 1498 2704 1578 Sigism-

503 1593 770 1664 Gelenii,
810 1593 1008 1654 Henr.
1035 1593 1347 1664 Glareani,
1373 1592 1528 1652 curis
1556 1591 1899 1660 instructae;
1942 1591 2079 1652 dein
2104 1595 2287 1656 etiam
2322 1613 2513 1677 opera·
2532 1594 2708 1656 Caelii

503 1691 764 1752 Secundi
791 1691 1090 1764 Curionis,
1118 1691 1222 1771 qui
1247 1698 1479 1752 textum
1513 1688 1711 1749 denuo
1728 1709 1867 1749 cum
1892 1689 2233 1752 melioribus
2268 1691 2712 1774 exemplaribus

499 1787 777 1864 contulit,
823 1790 902 1848 ab
953 1795 1282 1850 ιιι-1549.
1323 1786 1780 1857 emendatiores,
1820 1786 2157 1868 additisque
2192 1809 2365 1870 porro
2411 1791 2709 1852 variorum

501 1887 678 1956 notis,
704 1885 1037 1966 ampliores.
1076 1885 1398 1947 Profecere
1423 1883 1563 1944 binc
1592 1885 1771 1944 etiam
1801 1883 2081 1957 Venetae,
2110 1886 2429 1958 Parisinoe,
2459 1887 2707 1967 Lugdu·

501 2003 728 2055 nenses,
775 1985 1036 2044 maxime
1081 1982 1474 2064 Gryphianae,
1515 1982 1699 2042 etiam
1738 1980 2051 2053 Glareani,
2089 1981 2319 2048 Theod.
2361 1984 2607 2046 Mon-eui
2642 1993 2708 2044 et

499 2080 602 2142 Jo.
629 2081 1034 2152 Velcurionis‚
1059 2080 1160 2142 Jo.
1200 2079 1452 2142 Saxonii
1483 2087 1603 2140 cet.
1646 2078 1742 2139 vel
1780 2078 2055 2140 emendd.
2086 2080 2185 2141 vel
2226 2081 2383 2141 notis
2410 2081 2704 2156 adaucte,

499 2178 656 2238 unde
681 2199 878 2240 rursus
903 2179 1270 2239 Basilienses
1293 2195 1539 2238 evasere
1565 2175 1999 2257 locupletiores.
2084 2175 2207 2237 Sed
2232 2178 2341 2238 hos
2364 2197 2502 2240 nox
2526 2199 2707 2260 supe-

499 2277 656 2336 ravit
684 2276 940 2338 Carolus
965 2275 1266 2355 Sigonius,
1293 2273 1583 2336 felicitate
1612 2283 1673 2332 et
1696 2273 2053 2334 emendandi
2078 2284 2141 2336 et
2164 2273 2497 2334 illustrandi
2526 2274 2706 2350 Livii,

501 2391 680 2453 qum
703 2372 950 2435 Aldinae
975 2374 1052 2435 ab
1073 2392 1172 2435 an.
1196 2378 1376 2433 1555.
1403 2381 1522 2433 tres
1540 2391 1709 2431 suam
1736 2370 1953 2431 fecere.
1984 2369 2402 2435 Basiliensium
2428 2371 2708 2455 (Grynoei

497 2479 562 2530 et
587 2468 890 2545 Curionis)
913 2479 974 2531 et
999 2469 1478 2551 Lugdunensium
1497 2468 1811 2539 Glareaui,
1838 2478 1903 2529 et
1926 2468 2289 2531 Aldinarum
2312 2490 2450 2531 cum
2472 2470 2707 2550 sigonii

499 2564 738 2626 scholiis
773 2566 933 2626 bona
963 2568 1326 2645 conjunxere
1353 2564 1595 2625 tandem
1645 2563 2167 2627 Francofurtenses
2202 2564 2253 2625 F
2254 2568 2706 2646 eyenbondinae

499 2668 681 2723 1568.
706 2671 771 2723 et
797 2670 977 2726 1578.
1015 2662 1094 2723 ad
1125 2682 1276 2743 quas
1319 2661 1615 2723 ornandas
1652 2663 1837 2722 etiam
1878 2662 2109 2731 noviter
2142 2664 2443 2725 contulere
2486 2664 2703 2727 Joach.

501 2758 772 2821 Grellius
811 2759 1282 2839 chronologiam
1323 2758 1401 2821 T.
1449 2758 1607 2821 Livii
1647 2767 1781 2839 post
1825 2758 2113 2832 Glareani
2166 2768 2231 2819 et
2266 2760 2499 2839 Sigonii
2529 2782 2709 2828 curas

497 2867 861 2937 congestam,
909 2868 974 2921 et
1011 2857 1208 2919 wilh.
1249 2855 1653 2918 Godelevaeus
1690 2876 1833 2917 suns
1872 2856 1933 2917 in
1978 2856 2213 2917 Livium
2264 2856 2705 2921 observationes

499 2956 676 3017 docte
699 2957 1080 3038 conscriptas.
1161 2954 1458 3017 Tacemus
1485 2952 1527 3012 J
1532 2974 1625 3015 ac.
1655 2951 2039 3025 Gohorrium,
2067 2954 2171 3034 qui
2198 2954 2493 3015 Parisinae
2524 2958 2703 3019 1573.

499 3074 636 3115 cum
663 3056 818 3115 notis
843 3072 994 3115 γαπ.
1019 3054 1160 3113 suas
1179 3053 1488 3133 praemisit.
1710 3046 1717 3053 ’

495 3196 502 3203 .
583 3156 740 3211 1581
825 3150 1018 3211 Basil.
1049 3168 1096 3211 1.
1143 3149 1250 3210 fol.
1297 3150 1358 3209 in
1401 3166 1514 3207 sex
1553 3156 1757 3227 partes
1794 3146 2009 3207 divisa.
2094 3146 2169 3207 In
2214 3148 2407 3211 fronte
2448 3149 2703 3229 legitur:

503 3255 520 3283 ⁶
554 3248 648 3307 En
675 3250 908 3327 magnis
945 3247 1280 3329 impendiis,
1307 3246 1667 3324 summisque
1704 3243 2011 3303 laboribus
2032 3244 2245 3309 damus
2284 3247 2477 3309 amice
2518 3246 2707 3309 lector

500 3343 578 3405 T.
630 3344 784 3406 Livii
824 3346 1112 3405 Patavini
1162 3344 1394 3405 Latine
1451 3342 1707 3403 historie
1750 3342 2031 3422 principis
2078 3342 2371 3422 quidquid
2414 3344 2707 3407 hactenus

500 3440 617 3501 fuit
643 3442 907 3513 aeditum,
947 3442 1055 3501 sed
1089 3441 1400 3521 eliquanto
1438 3460 1619 3519 quam
1656 3448 1856 3510 antea,
1887 3448 2011 3499 tum
2048 3440 2537 3519 magnificentius,
2575 3450 2705 3504 tum

499 3539 910 3601 emaculatius.
993 3538 1393 3600 Accesserant
1433 3546 1628 3597 autem
1658 3536 1906 3605 Quintae
1936 3535 2202 3597 Decadis
2227 3537 2391 3599 Libri
2416 3539 2702 3618 quinque,

501 3654 802 3717 nunquam
844 3637 1102 3701 antehac
1141 3636 1326 3708 aediti,
1355 3656 1506 3717 quos
1546 3636 1879 3716 adjecimus
1914 3656 1991 3697 ex
2034 3636 2429 3697 vetustissimo
2468 3636 2702 3709 codiee,

497 3736 676 3814 cujus
698 3736 936 3816 copiam
975 3735 1146 3797 nobis
1178 3734 1326 3795 fecit
1353 3734 1591 3795 celebre
1618 3734 2049 3795 Monasterium
2078 3733 2381 3795 Lersense.
2460 3734 2706 3797 Addita

499 3842 592 3893 est
616 3832 1020 3912 chronologia
1047 3832 1304 3893 Hem-ici
1361 3830 1679 3903 Glareani,
1724 3840 2055 3910 temporum
2098 3831 2599 3912 supputationem,
2640 3843 2707 3893 et

501 3949 878 4012 personarum
905 3930 1166 4003 nomina,
1193 3930 1254 3991 in
1281 3930 1496 4011 quibus
1521 3929 1779 3991 antehac
1806 3928 2011 4007 ingens
2050 3937 2179 3989 erat
2212 3928 2504 4001 confusio,
2544 3929 2700 3991 dilu—

499 4028 632 4089 cide
655 4038 1140 4089 commonstrans.
1223 4026 1352 4107 Adj
1361 4036 1573 4087 unctus
1586 4037 1682 4087 est
1697 4034 1762 4087 et
1778 4024 1963 4085 index
1988 4026 2443 4107 copiosissimus.
2487 4026 2705 4089 Fruere

501 4123 710 4197 lector,
757 4123 967 4188 favens
1005 4125 1238 4187 illorum
1279 4124 1607 4197 industriae,
1634 4122 1737 4203 qui
1780 4142 1891 4185 uec
1922 4132 2157 4205 sumptu
2202 4144 2311 4187 nec
2352 4124 2555 4185 labore
2594 4123 2702 4185 de-
