3050 4800
719 712 1275 792 RECENSUS
1385 711 1911 802 CODICUM
2024 711 2265 790 MSS.

1141 985 1150 994 .
1213 939 1298 1004 Τ.
1390 937 1755 1016 LIVII,

529 1159 664 1212 0151
699 1159 786 1211 IN
819 1159 1346 1212 Bmuownsscm
1387 1161 1869 1213 Bm‘mnmcls
1904 1159 2449 1212 ASSBRVANTUR.

963 1591 1214 1658 Codices
1245 1594 1314 1657 in
1345 1593 1569 1658 Museo
1605 1589 2003 1657 Britannico.

463 1741 631 1829 Reg.
669 1740 844 1809 Bibe.
887 1747 995 1810 15.
1068 1747 1132 1810 D
1170 1763 1272 1812 v1.
1362 1745 1497 1811 Tit.
1532 1745 1683 1811 Liv.
1740 1745 1866 1810 des
1916 1743 2154 1809 Excel.
2204 1741 2397 1808 Faits
2469 1740 2589 1806 des

371 1847 730 1914 Romains.
823 1847 995 1915 Cod.
1026 1850 1142 1915 fol.
1167 1848 1351 1916 Gall.
1379 1852 1727 1916 immensae
1760 1847 2242 1930 magnitudinis
2265 1853 2337 1910 et
2366 1845 2591 1929 splen-

372 1950 594 2032 doris3
641 1955 1005 2018 membran.
1097 1951 1414 2020 Continet
1463 1956 1789 2037 integram
1829 1953 2203 2017 versionem
2249 1947 2591 2015 Gallicam

369 2055 802 2136 -Bercheurin
869 2055 954 2121 de
1007 2057 1204 2142 eujus
1246 2059 1524 2142 antiqua
1570 2057 1873 2123 editione
1924 2055 2097 2120 inter
2142 2052 2469 2118 editiones
2520 2052 2591 2115 in

375 2177 506 2220 suo
535 2158 688 2222 loeo
716 2157 970 2224 dietum
998 2168 1124 2238 est,
1150 2167 1223 2226 ut
1250 2179 1408 2225 mox
1441 2161 1651 2226 etiam
1682 2160 1767 2224 de
1796 2159 1933 2222 alio
1964 2157 2279 2241 ejusdem
2308 2153 2569 2220 codice.

377 2287 393 2296 ·
477 2255 668 2325 codd.
701 2261 978 2338 Har-lcii,
1025 2261 1118 2328 N.
1147 2261 1346 2329 2493.
1435 2263 1621 2328 Livii
1677 2261 1859 2326 Hist.
1917 2262 2005 2324 ab
2053 2259 2240 2324 Urbe
2290 2256 2591 2332 condita,

375 2382 534 2447 quae
563 2370 812 2430 extant.
861 2365 1032 2431 Cod.
1053 2367 1248 2431 bonae
1273 2365 1474 2431 samae
1502 2375 1575 2431 et
1601 2365 1827 2450 magni
1857 2363 2077 2449 pretii,
2107 2361 2325 2427 literis
2348 2359 2593 2427 Gothi·

371 2467 478 2531 cis
519 2469 679 2533 min.
725 2476 1067 2535 exaratus.
1159 2468 1541 2535 Membran.
1585 2469 1701 2535 fol.
1754 2488 1913 2534 saec.
1964 2482 2148 2532 1111.
2241 2463 2325 2529 In
2370 2462 2590 2548 prima

367 2590 524 2653 pag.
579 2572 918 2649 scribitur,
976 2576 998 2606 ‘
1021 2571 1203 2637 Olim
1269 2572 1553 2657 collegii
1609 2569 2035 2655 A-genensis!
2126 2568 2393 2634 Desunt
2450 2566 2587 2632 dno

363 2674 566 2757 primi
598 2674 787 2739 Libri
819 2696 976 2740 eum
1023 2675 1308 2740 dimidio
1351 2678 1567 2755 tertii3
1614 2675 1927 2759 quoedam
1977 2674 2187 2737 etiam
2232 2672 2475 2737 desunt
2516 2671 2589 2736 in

361 2775 513 2841 fine.
607 2776 826 2841 Index
857 2778 1168 2841 cursivus
1198 2780 1270 2839 in
1301 2796 1506 2859 marg.
1598 2776 1762 2841 Sine
1792 2776 2002 2858 glosa

359 2898 366 2925 ³
453 2877 546 2942 N.
577 2878 779 2942 2663.
847 2878 1018 2944 Cod.
1051 2898 1211 2942 saec.
1251 2894 1384 2942 XV.
1473 2878 1707 2943 Decas
1737 2881 1955 2961 prima
1978 2878 2063 2941 Τ.
2098 2878 2301 2942 Livii.
2368 2877 2587 2941 Mem-

357 2980 552 3045 bran.
585 2980 703 3044 sol.
737 2980 1180 3063 pulcherrime
1209 2980 1641 3047 illuminatur.
1731 2979 1889 3045 Sine
1920 2979 2125 3063 glosa.

452 3081 548 3148 N.
578 3084 775 3149 2671.
869 3083 1098 3149 Decas
1129 3090 1394 3168 quarta.
1485 3082 1659 3150 Cod.
1692 3084 2058 3147 membran.
2089 3100 2251 3146 saee.
2280 3098 2416 3146 κν.
2470 3081 2585 3147 de-

361 3193 713 3252 sunt·vero
743 3188 1058 3273 quaedam
1088 3189 1379 3271 paginae.

453 3288 547 3355 N.
577 3292 774 3357 2672.
864 3290 1004 3355 Titi
1034 3292 1211 3357 Livii
1244 3291 1429 3357 Hist.
1462 3293 1651 3359 Libri
1686 3310 1852 3359 vm.
1886 3292 2059 3358 Dee.
2090 3291 2157 3357 3.
2194 3288 2580 3356 ·Membran.

359 3393 480 3459 sol.
512 3395 656 3458 sine
683 3396 891 3477 gloss.
989 3396 1166 3461 Saec.
1203 3412 1278 3462 Χ.

451 3497 722 3581 Septem
771 3498 888 3563 alii
937 3507 1092 3564 sunt
1130 3499 1242 3563 hie
1289 3499 1491 3565 codd.
1539 3500 1691 3564 Lat.
1724 3519 1857 3565 una
1902 3518 2055 3563 cum
2085 3498 2393 3562 versione
2420 3498 2584 3563 Ber-

357 3600 618 3665 chem-ii
667 3602 734 3667 in
775 3604 1010 3685 lingna
1041 3604 1320 3688 antiqua
1347 3602 1621 3669 Gallica
1648 3602 2295 3689 (Languedocensi),
2324 3606 2393 3666 et
2422 3600 2581 3687 Epi-

357 3711 543 3770 toma
570 3705 712 3771 Titi
742 3707 947 3771 Livii.
1009 3706 1178 3801 (lod.
1209 3710 1575 3773 membran.
1608 3727 1767 3773 seeo.
1803 3722 1935 3770 xv,
2026 3704 2193 3770 Sine
2216 3707 2431 3788 gloss.
2462 3714 2584 3771 aut

357 3809 570 3874 variis
612 3810 799 3875 lectt.
846 3811 972 3875 sed
1015 3810 1130 3876 fini
1175 3812 1598 3897 subjungitur
1642 3809 2130 3895 compendium
2190 3808 2375 3875 Hist.
2424 3808 2577 3873 Liv.

357 3914 548 3998 typis
577 3933 931 3979 excusum.

445 4012 649 4082 codd.
689 4015 1065 4085 Lamdown.
1115 4018 1208 4085 N.
1240 4018 1431 4084 1178.
1463 4021 1815 4085 continens
1862 4018 2096 4083 decem
2146 4015 2357 4081 libros
2396 4015 2574 4097 prio-

357 4138 466 4183 res
523 4120 611 4186 de
660 4120 822 4187 Tite
875 4122 1038 4188 Live
1083 4122 1253 4203 trad.
1317 4140 1440 4206 par
1491 4122 1727 4187 Pierre
1782 4120 2183 4186 Bercheure.
2279 4116 2383 4180 De
2442 4116 2575 4185 hae

355 4222 630 4301 Gallica
673 4227 978 4292 versione
1023 4228 1302 4312 antiqua
1335 4246 1461 4310 par
1486 4226 1863 4291 Bercheure
1905 4224 1971 4287 in
2016 4240 2141 4285 suo
2184 4218 2336 4287 loco
2388 4220 2565 4286 dixi-

2790 4302 3037 4741 Δ
