<?xml version="1.0" encoding="UTF-8"?>
<!DOCTYPE html PUBLIC "-//W3C//DTD XHTML 1.0 Transitional//EN"
    "http://www.w3.org/TR/xhtml1/DTD/xhtml1-transitional.dtd">
<html xmlns="http://www.w3.org/1999/xhtml" xml:lang="en" lang="en">
 <head>
  <title>
</title>
<meta http-equiv="Content-Type" content="text/html;charset=utf-8" />
  <meta name='ocr-system' content='tesseract 3.04.00' />
  <meta name='ocr-capabilities' content='ocr_page ocr_carea ocr_par ocr_line ocrx_word'/>
</head>
<body>
  <div class='ocr_page' id='page_1' title='image "./tliviipatavinih32unkngoog_0041.png"; bbox 0 0 3050 4800; ppageno 0'>
   <div class='ocr_carea' id='block_1_1' title="bbox 1319 325 2607 430">
    <p class='ocr_par' dir='ltr' id='par_1_1' title="bbox 1319 325 2607 430">
     <span class='ocr_line' id='line_1_1' title="bbox 1319 325 2607 430; baseline 0.002 -12"><span class='ocrx_word' id='word_1_1' title='bbox 1319 367 1388 418; x_wconf 81' lang='grc' dir='ltr'><strong>ἰ·.</strong></span> <span class='ocrx_word' id='word_1_2' title='bbox 1436 369 1663 418; x_wconf 77' lang='lat' dir='ltr'><strong>mvn.</strong></span> <span class='ocrx_word' id='word_1_3' title='bbox 2348 353 2561 430; x_wconf 66' lang='lat'><strong>12261</strong></span> <span class='ocrx_word' id='word_1_4' title='bbox 2600 325 2607 332; x_wconf 36' lang='grc'>’</span> 
     </span>
    </p>
   </div>
   <div class='ocr_carea' id='block_1_2' title="bbox 346 501 2564 4183">
    <p class='ocr_par' dir='ltr' id='par_1_2' title="bbox 371 501 2564 776">
     <span class='ocr_line' id='line_1_2' title="bbox 376 501 2564 586; baseline 0 -18"><span class='ocrx_word' id='word_1_5' title='bbox 376 505 630 568; x_wconf 73' lang='lat' dir='ltr'><strong>Italion.</strong></span> <span class='ocrx_word' id='word_1_6' title='bbox 660 503 922 586; x_wconf 71' lang='lat' dir='ltr'><strong>Iaeipsig,</strong></span> <span class='ocrx_word' id='word_1_7' title='bbox 952 509 1136 568; x_wconf 82' lang='grc'><strong>1777.</strong></span> <span class='ocrx_word' id='word_1_8' title='bbox 1163 511 1308 564; x_wconf 67' lang='lat' dir='ltr'><strong>tom.</strong></span> <span class='ocrx_word' id='word_1_9' title='bbox 1339 519 1389 565; x_wconf 90' lang='grc' dir='ltr'><strong>ι.</strong></span> <span class='ocrx_word' id='word_1_10' title='bbox 1416 525 1477 583; x_wconf 87' lang='lat' dir='ltr'><strong>p.</strong></span> <span class='ocrx_word' id='word_1_11' title='bbox 1509 509 1651 565; x_wconf 78' lang='grc'><strong>343.</strong></span> <span class='ocrx_word' id='word_1_12' title='bbox 1700 501 1953 564; x_wconf 84' lang='lat' dir='ltr'><strong>Hieron.</strong></span> <span class='ocrx_word' id='word_1_13' title='bbox 1981 501 2332 566; x_wconf 79' lang='lat' dir='ltr'><strong>Tirabosclii</strong></span> <span class='ocrx_word' id='word_1_14' title='bbox 2358 501 2564 569; x_wconf 64' lang='lat' dir='ltr'><strong>storin</strong></span> 
     </span>
     <span class='ocr_line' id='line_1_3' title="bbox 371 600 2561 682; baseline -0.001 -17"><span class='ocrx_word' id='word_1_15' title='bbox 371 605 538 665; x_wconf 88' lang='lat' dir='ltr'><strong>della</strong></span> <span class='ocrx_word' id='word_1_16' title='bbox 557 605 917 665; x_wconf 75' lang='lat' dir='ltr'><strong>Litteratura</strong></span> <span class='ocrx_word' id='word_1_17' title='bbox 941 601 1224 662; x_wconf 71' lang='lat' dir='ltr'><strong>Italiana.</strong></span> <span class='ocrx_word' id='word_1_18' title='bbox 1247 600 1539 662; x_wconf 84' lang='lat' dir='ltr'><strong>Modena.</strong></span> <span class='ocrx_word' id='word_1_19' title='bbox 1560 606 1739 664; x_wconf 81' lang='grc'><strong>1772.</strong></span> <span class='ocrx_word' id='word_1_20' title='bbox 1759 609 1901 662; x_wconf 85' lang='lat' dir='ltr'><strong>tom.</strong></span> <span class='ocrx_word' id='word_1_21' title='bbox 1928 617 1977 661; x_wconf 89' lang='lat'><strong>1.</strong></span> <span class='ocrx_word' id='word_1_22' title='bbox 2008 621 2147 682; x_wconf 76' lang='lat' dir='ltr'><strong>pag.</strong></span> <span class='ocrx_word' id='word_1_23' title='bbox 2164 607 2305 662; x_wconf 84' lang='grc'><strong>313.</strong></span> <span class='ocrx_word' id='word_1_24' title='bbox 2332 601 2561 663; x_wconf 78' lang='lat' dir='ltr'><strong>Baueri</strong></span> 
     </span>
     <span class='ocr_line' id='line_1_4' title="bbox 373 697 1953 776; baseline -0.004 -13"><span class='ocrx_word' id='word_1_25' title='bbox 373 703 670 764; x_wconf 79' lang='lat' dir='ltr'><strong>Biblioth.</strong></span> <span class='ocrx_word' id='word_1_26' title='bbox 699 701 928 762; x_wconf 83' lang='lat' dir='ltr'><strong>Libror.</strong></span> <span class='ocrx_word' id='word_1_27' title='bbox 949 699 1102 760; x_wconf 82' lang='lat' dir='ltr'><strong>Rar.</strong></span> <span class='ocrx_word' id='word_1_28' title='bbox 1133 697 1412 759; x_wconf 80' lang='lat' dir='ltr'><strong>Univers.</strong></span> <span class='ocrx_word' id='word_1_29' title='bbox 1439 706 1585 758; x_wconf 78' lang='lat' dir='ltr'><strong>tom.</strong></span> <span class='ocrx_word' id='word_1_30' title='bbox 1619 713 1697 758; x_wconf 83' lang='grc' dir='ltr'><strong>ιι.</strong></span> <span class='ocrx_word' id='word_1_31' title='bbox 1725 717 1787 776; x_wconf 93' lang='lat' dir='ltr'><strong>p.</strong></span> <span class='ocrx_word' id='word_1_32' title='bbox 1812 703 1953 758; x_wconf 88' lang='grc'><strong>298.</strong></span> 
     </span>
    </p>

    <p class='ocr_par' dir='ltr' id='par_1_3' title="bbox 367 774 2560 1170">
     <span class='ocr_line' id='line_1_5' title="bbox 459 774 2558 880; baseline -0.001 -21"><span class='ocrx_word' id='word_1_33' title='bbox 459 807 616 860; x_wconf 85' lang='grc'><strong>1520</strong></span> <span class='ocrx_word' id='word_1_34' title='bbox 659 799 878 859; x_wconf 75' lang='lat' dir='ltr'><strong>Venet.</strong></span> <span class='ocrx_word' id='word_1_35' title='bbox 913 795 1018 856; x_wconf 86' lang='lat' dir='ltr'><strong>fol.</strong></span> <span class='ocrx_word' id='word_1_36' title='bbox 1053 796 1355 856; x_wconf 80' lang='lat' dir='ltr'><strong>Memorat</strong></span> <span class='ocrx_word' id='word_1_37' title='bbox 1391 794 1547 856; x_wconf 83' lang='lat' dir='ltr'><strong>hauc</strong></span> <span class='ocrx_word' id='word_1_38' title='bbox 1594 774 2011 854; x_wconf 76' lang='lat' dir='ltr'><strong>Maittairius</strong></span> <span class='ocrx_word' id='word_1_39' title='bbox 1996 815 2059 854; x_wconf 84' lang='grc' dir='ltr'><strong>ιιι</strong></span> <span class='ocrx_word' id='word_1_40' title='bbox 2095 795 2329 858; x_wconf 79' lang='grc' dir='ltr'><strong>ΑιιιιιιΙ.</strong></span> <span class='ocrx_word' id='word_1_41' title='bbox 2353 797 2558 880; x_wconf 82' lang='lat' dir='ltr'><strong>Typo-</strong></span> 
     </span>
     <span class='ocr_line' id='line_1_6' title="bbox 369 892 2559 976; baseline 0.001 -20"><span class='ocrx_word' id='word_1_42' title='bbox 369 896 582 976; x_wconf 81' lang='lat' dir='ltr'><strong>graph.</strong></span> <span class='ocrx_word' id='word_1_43' title='bbox 610 903 756 955; x_wconf 82' lang='lat' dir='ltr'><strong>tom.</strong></span> <span class='ocrx_word' id='word_1_44' title='bbox 784 909 863 954; x_wconf 88' lang='grc' dir='ltr'><strong>ιι.</strong></span> <span class='ocrx_word' id='word_1_45' title='bbox 894 913 1029 974; x_wconf 79' lang='lat' dir='ltr'><strong>pag.</strong></span> <span class='ocrx_word' id='word_1_46' title='bbox 1058 899 1199 952; x_wconf 81' lang='lat'><strong>598.</strong></span> <span class='ocrx_word' id='word_1_47' title='bbox 1229 911 1482 970; x_wconf 84' lang='lat' dir='ltr'><strong>eamque</strong></span> <span class='ocrx_word' id='word_1_48' title='bbox 1523 909 1809 952; x_wconf 76' lang='lat' dir='ltr'><strong>excusam</strong></span> <span class='ocrx_word' id='word_1_49' title='bbox 1834 911 1961 952; x_wconf 85' lang='lat' dir='ltr'><strong>esse</strong></span> <span class='ocrx_word' id='word_1_50' title='bbox 1995 892 2145 954; x_wconf 83' lang='lat' dir='ltr'><strong>dicit</strong></span> <span class='ocrx_word' id='word_1_51' title='bbox 2168 915 2271 974; x_wconf 88' lang='lat' dir='ltr'><strong>per</strong></span> <span class='ocrx_word' id='word_1_52' title='bbox 2298 895 2559 958; x_wconf 83' lang='lat' dir='ltr'><strong>Melchi-</strong></span> 
     </span>
     <span class='ocr_line' id='line_1_7' title="bbox 367 987 2560 1061; baseline 0.001 -7"><span class='ocrx_word' id='word_1_53' title='bbox 367 1013 536 1054; x_wconf 81' lang='lat' dir='ltr'><strong>orem</strong></span> <span class='ocrx_word' id='word_1_54' title='bbox 561 992 799 1052; x_wconf 83' lang='lat' dir='ltr'><strong>Sessam</strong></span> <span class='ocrx_word' id='word_1_55' title='bbox 831 999 893 1051; x_wconf 87' lang='lat' dir='ltr'><strong>et</strong></span> <span class='ocrx_word' id='word_1_56' title='bbox 920 990 1176 1050; x_wconf 72' lang='lat' dir='ltr'><strong>Petrum</strong></span> <span class='ocrx_word' id='word_1_57' title='bbox 1199 989 1280 1050; x_wconf 86' lang='lat' dir='ltr'><strong>de</strong></span> <span class='ocrx_word' id='word_1_58' title='bbox 1307 987 1585 1051; x_wconf 82' lang='lat' dir='ltr'><strong>Ravanis</strong></span> <span class='ocrx_word' id='word_1_59' title='bbox 1622 989 1835 1061; x_wconf 82' lang='lat' dir='ltr'><strong>socios,</strong></span> <span class='ocrx_word' id='word_1_60' title='bbox 1874 989 1975 1050; x_wconf 89' lang='lat' dir='ltr'><strong>die</strong></span> <span class='ocrx_word' id='word_1_61' title='bbox 2019 1007 2129 1050; x_wconf 84' lang='grc' dir='ltr'><strong>ιιι.</strong></span> <span class='ocrx_word' id='word_1_62' title='bbox 2174 990 2351 1052; x_wconf 86' lang='lat' dir='ltr'><strong>Maii.</strong></span> <span class='ocrx_word' id='word_1_63' title='bbox 2434 992 2560 1056; x_wconf 85' lang='lat' dir='ltr'><strong>Sed</strong></span> 
     </span>
     <span class='ocr_line' id='line_1_8' title="bbox 367 1086 1972 1170; baseline -0.001 -19"><span class='ocrx_word' id='word_1_64' title='bbox 367 1110 564 1170; x_wconf 79' lang='lat' dir='ltr'><strong>neque</strong></span> <span class='ocrx_word' id='word_1_65' title='bbox 589 1088 921 1158; x_wconf 85' lang='lat' dir='ltr'><strong>Hearnius,</strong></span> <span class='ocrx_word' id='word_1_66' title='bbox 948 1107 1139 1167; x_wconf 87' lang='lat' dir='ltr'><strong>neque</strong></span> <span class='ocrx_word' id='word_1_67' title='bbox 1166 1086 1460 1156; x_wconf 85' lang='lat' dir='ltr'><strong>Clericus,</strong></span> <span class='ocrx_word' id='word_1_68' title='bbox 1485 1088 1638 1148; x_wconf 85' lang='lat' dir='ltr'><strong>hanc</strong></span> <span class='ocrx_word' id='word_1_69' title='bbox 1664 1097 1972 1150; x_wconf 86' lang='lat' dir='ltr'><strong>memorat.</strong></span> 
     </span>
    </p>

    <p class='ocr_par' dir='ltr' id='par_1_4' title="bbox 346 1183 2558 3600">
     <span class='ocr_line' id='line_1_9' title="bbox 441 1183 2553 1264; baseline 0.002 -18"><span class='ocrx_word' id='word_1_70' title='bbox 441 1191 610 1246; x_wconf 83' lang='grc'><strong>1521</strong></span> <span class='ocrx_word' id='word_1_71' title='bbox 637 1185 872 1244; x_wconf 78' lang='lat' dir='ltr'><strong>Aldina</strong></span> <span class='ocrx_word' id='word_1_72' title='bbox 897 1200 980 1246; x_wconf 87' lang='lat'><strong>11.</strong></span> <span class='ocrx_word' id='word_1_73' title='bbox 1022 1183 1294 1254; x_wconf 82' lang='lat' dir='ltr'><strong>Venetis,</strong></span> <span class='ocrx_word' id='word_1_74' title='bbox 1313 1183 1419 1244; x_wconf 85' lang='lat' dir='ltr'><strong>fol.</strong></span> <span class='ocrx_word' id='word_1_75' title='bbox 1447 1183 1611 1264; x_wconf 87' lang='lat' dir='ltr'><strong>apud</strong></span> <span class='ocrx_word' id='word_1_76' title='bbox 1624 1183 1879 1244; x_wconf 86' lang='lat' dir='ltr'><strong>Aldum.</strong></span> <span class='ocrx_word' id='word_1_77' title='bbox 1910 1183 2255 1246; x_wconf 84' lang='lat' dir='ltr'><strong>Recensent</strong></span> <span class='ocrx_word' id='word_1_78' title='bbox 2276 1187 2431 1249; x_wconf 81' lang='lat' dir='ltr'><strong>hanc</strong></span> <span class='ocrx_word' id='word_1_79' title='bbox 2456 1190 2553 1251; x_wconf 84' lang='lat' dir='ltr'><strong>ed.</strong></span> 
     </span>
     <span class='ocr_line' id='line_1_10' title="bbox 368 1279 2557 1363; baseline 0.002 -19"><span class='ocrx_word' id='word_1_80' title='bbox 368 1284 678 1344; x_wconf 69' lang='lat' dir='ltr'><strong>Heni-nius</strong></span> <span class='ocrx_word' id='word_1_81' title='bbox 699 1291 764 1344; x_wconf 86' lang='lat' dir='ltr'><strong>et</strong></span> <span class='ocrx_word' id='word_1_82' title='bbox 789 1281 1084 1352; x_wconf 79' lang='lat' dir='ltr'><strong>Clericus,</strong></span> <span class='ocrx_word' id='word_1_83' title='bbox 1119 1279 1375 1342; x_wconf 72' lang='lat' dir='ltr'><strong>Gesner-i</strong></span> <span class='ocrx_word' id='word_1_84' title='bbox 1403 1281 1733 1362; x_wconf 74' lang='lat' dir='ltr'><strong>catalogus</strong></span> <span class='ocrx_word' id='word_1_85' title='bbox 1774 1281 2077 1352; x_wconf 83' lang='lat' dir='ltr'><strong>librorum,</strong></span> <span class='ocrx_word' id='word_1_86' title='bbox 2104 1283 2209 1363; x_wconf 82' lang='lat' dir='ltr'><strong>qui</strong></span> <span class='ocrx_word' id='word_1_87' title='bbox 2236 1283 2297 1342; x_wconf 85' lang='lat' dir='ltr'><strong>in</strong></span> <span class='ocrx_word' id='word_1_88' title='bbox 2322 1282 2557 1348; x_wconf 80' lang='lat' dir='ltr'><strong>officina</strong></span> 
     </span>
     <span class='ocr_line' id='line_1_11' title="bbox 369 1378 2556 1460; baseline 0 -18"><span class='ocrx_word' id='word_1_89' title='bbox 369 1381 525 1442; x_wconf 78' lang='lat' dir='ltr'><strong>Aldi</strong></span> <span class='ocrx_word' id='word_1_90' title='bbox 547 1380 812 1440; x_wconf 74' lang='lat' dir='ltr'><strong>Munatii</strong></span> <span class='ocrx_word' id='word_1_91' title='bbox 837 1378 1113 1440; x_wconf 82' lang='lat' dir='ltr'><strong>Venetiis</strong></span> <span class='ocrx_word' id='word_1_92' title='bbox 1139 1380 1346 1440; x_wconf 78' lang='lat' dir='ltr'><strong>excusi</strong></span> <span class='ocrx_word' id='word_1_93' title='bbox 1377 1389 1553 1445; x_wconf 70' lang='lat' dir='ltr'><strong>suntz</strong></span> <span class='ocrx_word' id='word_1_94' title='bbox 1590 1389 1739 1440; x_wconf 85' lang='lat' dir='ltr'><strong>tom.</strong></span> <span class='ocrx_word' id='word_1_95' title='bbox 1769 1396 1883 1440; x_wconf 87' lang='grc' dir='ltr'><strong>ιιι.</strong></span> <span class='ocrx_word' id='word_1_96' title='bbox 1920 1378 2150 1442; x_wconf 81' lang='lat' dir='ltr'><strong>Annal.</strong></span> <span class='ocrx_word' id='word_1_97' title='bbox 2177 1378 2439 1460; x_wconf 75' lang='lat' dir='ltr'><strong>Typogr.</strong></span> <span class='ocrx_word' id='word_1_98' title='bbox 2466 1383 2556 1442; x_wconf 78' lang='lat' dir='ltr'><strong>ia-</strong></span> 
     </span>
     <span class='ocr_line' id='line_1_12' title="bbox 363 1475 2557 1556; baseline 0 -17"><span class='ocrx_word' id='word_1_99' title='bbox 363 1479 554 1540; x_wconf 71' lang='lat' dir='ltr'><strong>seruit</strong></span> <span class='ocrx_word' id='word_1_100' title='bbox 579 1477 966 1548; x_wconf 79' lang='lat' dir='ltr'><strong>Maittairius‚</strong></span> <span class='ocrx_word' id='word_1_101' title='bbox 1009 1476 1070 1536; x_wconf 85' lang='lat' dir='ltr'><strong>in</strong></span> <span class='ocrx_word' id='word_1_102' title='bbox 1093 1497 1214 1556; x_wconf 80' lang='lat' dir='ltr'><strong>quo</strong></span> <span class='ocrx_word' id='word_1_103' title='bbox 1247 1496 1386 1556; x_wconf 75' lang='lat' dir='ltr'><strong>pag.</strong></span> <span class='ocrx_word' id='word_1_104' title='bbox 1417 1483 1562 1538; x_wconf 83' lang='grc'><strong>245.</strong></span> <span class='ocrx_word' id='word_1_105' title='bbox 1592 1485 1985 1538; x_wconf 73' lang='lat' dir='ltr'><strong>memorantur</strong></span> <span class='ocrx_word' id='word_1_106' title='bbox 2024 1475 2185 1538; x_wconf 81' lang='lat' dir='ltr'><strong>Livii</strong></span> <span class='ocrx_word' id='word_1_107' title='bbox 2207 1479 2428 1550; x_wconf 79' lang='lat' dir='ltr'><strong>omnia,</strong></span> <span class='ocrx_word' id='word_1_108' title='bbox 2454 1499 2557 1540; x_wconf 84' lang='lat' dir='ltr'><strong>ac—</strong></span> 
     </span>
     <span class='ocr_line' id='line_1_13' title="bbox 361 1571 2555 1652; baseline 0.001 -16"><span class='ocrx_word' id='word_1_109' title='bbox 361 1584 572 1636; x_wconf 79' lang='lat' dir='ltr'><strong>curate</strong></span> <span class='ocrx_word' id='word_1_110' title='bbox 595 1573 790 1635; x_wconf 85' lang='lat' dir='ltr'><strong>denuo</strong></span> <span class='ocrx_word' id='word_1_111' title='bbox 813 1574 1120 1652; x_wconf 84' lang='lat' dir='ltr'><strong>impressa,</strong></span> <span class='ocrx_word' id='word_1_112' title='bbox 1147 1574 1210 1633; x_wconf 89' lang='lat' dir='ltr'><strong>in</strong></span> <span class='ocrx_word' id='word_1_113' title='bbox 1234 1571 1381 1634; x_wconf 85' lang='lat' dir='ltr'><strong>folio</strong></span> <span class='ocrx_word' id='word_1_114' title='bbox 1405 1574 1647 1652; x_wconf 87' lang='grc'><strong>(1521).</strong></span> <span class='ocrx_word' id='word_1_115' title='bbox 1734 1573 2017 1636; x_wconf 78' lang='lat' dir='ltr'>Occurrit</span> <span class='ocrx_word' id='word_1_116' title='bbox 2046 1575 2229 1635; x_wconf 82' lang='lat' dir='ltr'><strong>etiam</strong></span> <span class='ocrx_word' id='word_1_117' title='bbox 2261 1575 2326 1636; x_wconf 83' lang='lat' dir='ltr'><strong>in</strong></span> <span class='ocrx_word' id='word_1_118' title='bbox 2354 1575 2555 1638; x_wconf 72' lang='lat' dir='ltr'><strong>Catal.</strong></span> 
     </span>
     <span class='ocr_line' id='line_1_14' title="bbox 369 1668 2558 1751; baseline -0 -17"><span class='ocrx_word' id='word_1_119' title='bbox 369 1673 573 1734; x_wconf 73' lang='lat' dir='ltr'><strong>Hem.</strong></span> <span class='ocrx_word' id='word_1_120' title='bbox 613 1671 820 1732; x_wconf 82' lang='lat' dir='ltr'><strong>Hadr.</strong></span> <span class='ocrx_word' id='word_1_121' title='bbox 854 1689 972 1732; x_wconf 79' lang='lat' dir='ltr'><strong>vau</strong></span> <span class='ocrx_word' id='word_1_122' title='bbox 1007 1669 1115 1730; x_wconf 85' lang='lat' dir='ltr'><strong>der</strong></span> <span class='ocrx_word' id='word_1_123' title='bbox 1139 1668 1384 1742; x_wconf 85' lang='lat' dir='ltr'><strong>Marck,</strong></span> <span class='ocrx_word' id='word_1_124' title='bbox 1406 1690 1543 1751; x_wconf 75' lang='lat' dir='ltr'><strong>pag.</strong></span> <span class='ocrx_word' id='word_1_125' title='bbox 1574 1677 1676 1732; x_wconf 83' lang='lat'><strong>21.</strong></span> <span class='ocrx_word' id='word_1_126' title='bbox 1704 1669 1855 1730; x_wconf 71' lang='lat' dir='ltr'><strong>inter</strong></span> <span class='ocrx_word' id='word_1_127' title='bbox 1866 1669 2005 1747; x_wconf 72' lang='lat' dir='ltr'><strong>edd.</strong></span> <span class='ocrx_word' id='word_1_128' title='bbox 2032 1671 2297 1732; x_wconf 82' lang='lat' dir='ltr'><strong>Aldinas</strong></span> <span class='ocrx_word' id='word_1_129' title='bbox 2323 1670 2427 1734; x_wconf 79' lang='lat' dir='ltr'><strong>fol.</strong></span> <span class='ocrx_word' id='word_1_130' title='bbox 2454 1674 2558 1735; x_wconf 86' lang='lat' dir='ltr'><strong>ubi</strong></span> 
     </span>
     <span class='ocr_line' id='line_1_15' title="bbox 360 1766 2557 1848; baseline 0.001 -18"><span class='ocrx_word' id='word_1_131' title='bbox 360 1777 566 1830; x_wconf 68' lang='lat' dir='ltr'><strong>meu</strong></span> <span class='ocrx_word' id='word_1_132' title='bbox 585 1777 652 1828; x_wconf 75' lang='lat' dir='ltr'><strong>et</strong></span> <span class='ocrx_word' id='word_1_133' title='bbox 676 1767 918 1828; x_wconf 79' lang='lat' dir='ltr'><strong>alia-an.</strong></span> <span class='ocrx_word' id='word_1_134' title='bbox 947 1773 1130 1828; x_wconf 87' lang='grc'><strong>1520.</strong></span> <span class='ocrx_word' id='word_1_135' title='bbox 1155 1766 1320 1828; x_wconf 84' lang='lat' dir='ltr'><strong>edita</strong></span> <span class='ocrx_word' id='word_1_136' title='bbox 1343 1777 1721 1839; x_wconf 84' lang='lat' dir='ltr'><strong>memoratur,</strong></span> <span class='ocrx_word' id='word_1_137' title='bbox 1745 1787 1953 1848; x_wconf 86' lang='lat' dir='ltr'><strong>parum</strong></span> <span class='ocrx_word' id='word_1_138' title='bbox 1978 1777 2205 1832; x_wconf 80' lang='lat' dir='ltr'><strong>curate.</strong></span> <span class='ocrx_word' id='word_1_139' title='bbox 2256 1768 2395 1832; x_wconf 86' lang='lat' dir='ltr'><strong>Nos</strong></span> <span class='ocrx_word' id='word_1_140' title='bbox 2416 1771 2557 1834; x_wconf 86' lang='lat' dir='ltr'><strong>inde</strong></span> 
     </span>
     <span class='ocr_line' id='line_1_16' title="bbox 359 1864 2556 1948; baseline 0.002 -21"><span class='ocrx_word' id='word_1_141' title='bbox 359 1876 432 1928; x_wconf 75' lang='lat' dir='ltr'><strong>et</strong></span> <span class='ocrx_word' id='word_1_142' title='bbox 449 1887 532 1926; x_wconf 81' lang='lat' dir='ltr'><strong>ex</strong></span> <span class='ocrx_word' id='word_1_143' title='bbox 559 1865 772 1926; x_wconf 81' lang='lat' dir='ltr'><strong>Indice</strong></span> <span class='ocrx_word' id='word_1_144' title='bbox 793 1864 1074 1926; x_wconf 74' lang='lat' dir='ltr'><strong>librorum</strong></span> <span class='ocrx_word' id='word_1_145' title='bbox 1095 1885 1174 1924; x_wconf 85' lang='lat' dir='ltr'><strong>ex</strong></span> <span class='ocrx_word' id='word_1_146' title='bbox 1213 1873 1454 1946; x_wconf 78' lang='lat' dir='ltr'><strong>typogr.</strong></span> <span class='ocrx_word' id='word_1_147' title='bbox 1488 1865 1727 1927; x_wconf 86' lang='lat' dir='ltr'><strong>Aldina</strong></span> <span class='ocrx_word' id='word_1_148' title='bbox 1758 1867 2075 1936; x_wconf 76' lang='lat' dir='ltr'><strong>editomm,</strong></span> <span class='ocrx_word' id='word_1_149' title='bbox 2110 1887 2261 1947; x_wconf 84' lang='lat' dir='ltr'><strong>qnos</strong></span> <span class='ocrx_word' id='word_1_150' title='bbox 2294 1869 2556 1948; x_wconf 69' lang='lat' dir='ltr'><strong>posside-</strong></span> 
     </span>
     <span class='ocr_line' id='line_1_17' title="bbox 353 1961 2557 2039; baseline 0.002 -14"><span class='ocrx_word' id='word_1_151' title='bbox 353 1965 472 2025; x_wconf 79' lang='lat' dir='ltr'><strong>·bat</strong></span> <span class='ocrx_word' id='word_1_152' title='bbox 497 1963 642 2024; x_wconf 84' lang='lat' dir='ltr'><strong>Chr.</strong></span> <span class='ocrx_word' id='word_1_153' title='bbox 669 1961 868 2023; x_wconf 69' lang='lat' dir='ltr'><strong>Gaul.</strong></span> <span class='ocrx_word' id='word_1_154' title='bbox 915 1961 1219 2032; x_wconf 78' lang='lat' dir='ltr'><strong>Schwarz,</strong></span> <span class='ocrx_word' id='word_1_155' title='bbox 1247 1961 1424 2024; x_wconf 81' lang='lat' dir='ltr'><strong>Prof.</strong></span> <span class='ocrx_word' id='word_1_156' title='bbox 1469 1962 1691 2024; x_wconf 77' lang='lat' dir='ltr'><strong>Altorf.</strong></span> <span class='ocrx_word' id='word_1_157' title='bbox 1736 1983 1833 2024; x_wconf 85' lang='lat' dir='ltr'><strong>an.</strong></span> <span class='ocrx_word' id='word_1_158' title='bbox 1876 1969 2059 2027; x_wconf 87' lang='grc'><strong>1725.</strong></span> <span class='ocrx_word' id='word_1_159' title='bbox 2100 1966 2305 2039; x_wconf 83' lang='lat' dir='ltr'><strong>(etiam</strong></span> <span class='ocrx_word' id='word_1_160' title='bbox 2338 1966 2557 2029; x_wconf 75' lang='lat' dir='ltr'><strong>inserto</strong></span> 
     </span>
     <span class='ocr_line' id='line_1_18' title="bbox 365 2058 2555 2141; baseline 0.001 -20"><span class='ocrx_word' id='word_1_161' title='bbox 365 2060 536 2121; x_wconf 77' lang='lat' dir='ltr'><strong>Frid.</strong></span> <span class='ocrx_word' id='word_1_162' title='bbox 575 2059 624 2120; x_wconf 57' lang='lat' dir='ltr'><strong>..J</strong></span> <span class='ocrx_word' id='word_1_163' title='bbox 629 2079 722 2122; x_wconf 90' lang='lat' dir='ltr'><strong>ac.</strong></span> <span class='ocrx_word' id='word_1_164' title='bbox 771 2058 1158 2141; x_wconf 75' lang='lat' dir='ltr'><strong>Beyschlagii</strong></span> <span class='ocrx_word' id='word_1_165' title='bbox 1213 2058 1480 2139; x_wconf 77' lang='lat' dir='ltr'><strong>Syllogoe</strong></span> <span class='ocrx_word' id='word_1_166' title='bbox 1538 2061 1835 2120; x_wconf 81' lang='lat' dir='ltr'><strong>variorum</strong></span> <span class='ocrx_word' id='word_1_167' title='bbox 1904 2061 2321 2141; x_wconf 74' lang='lat' dir='ltr'><strong>opusculorum</strong></span> <span class='ocrx_word' id='word_1_168' title='bbox 2369 2062 2447 2124; x_wconf 96' lang='lat' dir='ltr'><strong>T.</strong></span> <span class='ocrx_word' id='word_1_169' title='bbox 2505 2081 2555 2126; x_wconf 86' lang='lat'><strong>1.</strong></span> 
     </span>
     <span class='ocr_line' id='line_1_19' title="bbox 362 2155 2553 2237; baseline 0.003 -21"><span class='ocrx_word' id='word_1_170' title='bbox 362 2157 516 2218; x_wconf 76' lang='lat' dir='ltr'><strong>fasc.</strong></span> <span class='ocrx_word' id='word_1_171' title='bbox 544 2174 658 2220; x_wconf 89' lang='grc' dir='ltr'><strong>ιιι.</strong></span> <span class='ocrx_word' id='word_1_172' title='bbox 685 2177 744 2216; x_wconf 91' lang='grc' dir='ltr'><strong>ιι.</strong></span> <span class='ocrx_word' id='word_1_173' title='bbox 775 2174 846 2218; x_wconf 83' lang='lat' dir='ltr'><strong>x.</strong></span> <span class='ocrx_word' id='word_1_174' title='bbox 877 2177 940 2236; x_wconf 88' lang='lat' dir='ltr'><strong>p.</strong></span> <span class='ocrx_word' id='word_1_175' title='bbox 964 2159 1136 2234; x_wconf 80' lang='grc'><strong>663.)</strong></span> <span class='ocrx_word' id='word_1_176' title='bbox 1177 2155 1418 2216; x_wconf 83' lang='lat' dir='ltr'><strong>titulum</strong></span> <span class='ocrx_word' id='word_1_177' title='bbox 1463 2155 1565 2218; x_wconf 83' lang='lat' dir='ltr'><strong>ed.</strong></span> <span class='ocrx_word' id='word_1_178' title='bbox 1604 2157 1781 2236; x_wconf 83' lang='lat' dir='ltr'><strong>hujus</strong></span> <span class='ocrx_word' id='word_1_179' title='bbox 1819 2156 2143 2237; x_wconf 77' lang='lat' dir='ltr'><strong>pleniorem</strong></span> <span class='ocrx_word' id='word_1_180' title='bbox 2186 2158 2435 2220; x_wconf 83' lang='lat' dir='ltr'><strong>damus:</strong></span> <span class='ocrx_word' id='word_1_181' title='bbox 2474 2161 2553 2222; x_wconf 88' lang='lat' dir='ltr'><strong>T.</strong></span> 
     </span>
     <span class='ocr_line' id='line_1_20' title="bbox 355 2252 2552 2336; baseline 0 -22"><span class='ocrx_word' id='word_1_182' title='bbox 355 2253 534 2314; x_wconf 68' lang='grc' dir='ltr'><strong>Ιιίνὶὶ</strong></span> <span class='ocrx_word' id='word_1_183' title='bbox 573 2253 770 2314; x_wconf 72' lang='lat' dir='ltr'><strong>Decus</strong></span> <span class='ocrx_word' id='word_1_184' title='bbox 801 2253 1018 2333; x_wconf 83' lang='lat' dir='ltr'><strong>prima,</strong></span> <span class='ocrx_word' id='word_1_185' title='bbox 1054 2253 1254 2322; x_wconf 70' lang='lat' dir='ltr'><strong>tertia,</strong></span> <span class='ocrx_word' id='word_1_186' title='bbox 1279 2259 1519 2331; x_wconf 75' lang='lat' dir='ltr'><strong>quarta,</strong></span> <span class='ocrx_word' id='word_1_187' title='bbox 1554 2254 1727 2332; x_wconf 86' lang='lat' dir='ltr'><strong>cujus</strong></span> <span class='ocrx_word' id='word_1_188' title='bbox 1764 2255 1939 2314; x_wconf 77' lang='lat' dir='ltr'><strong>tertio</strong></span> <span class='ocrx_word' id='word_1_189' title='bbox 1978 2252 2129 2314; x_wconf 80' lang='lat' dir='ltr'><strong>libro</strong></span> <span class='ocrx_word' id='word_1_190' title='bbox 2163 2255 2357 2334; x_wconf 82' lang='lat' dir='ltr'><strong>prima</strong></span> <span class='ocrx_word' id='word_1_191' title='bbox 2394 2275 2552 2336; x_wconf 79' lang='lat' dir='ltr'><strong>pars,</strong></span> 
     </span>
     <span class='ocr_line' id='line_1_21' title="bbox 365 2347 2553 2431; baseline 0.001 -20"><span class='ocrx_word' id='word_1_192' title='bbox 365 2369 506 2431; x_wconf 68' lang='lat' dir='ltr'><strong>qum</strong></span> <span class='ocrx_word' id='word_1_193' title='bbox 523 2349 984 2419; x_wconf 68' lang='lat' dir='ltr'><strong>desiderabatur,</strong></span> <span class='ocrx_word' id='word_1_194' title='bbox 1013 2357 1076 2409; x_wconf 85' lang='lat' dir='ltr'><strong>et</strong></span> <span class='ocrx_word' id='word_1_195' title='bbox 1098 2347 1353 2421; x_wconf 84' lang='lat' dir='ltr'><strong>decimo,</strong></span> <span class='ocrx_word' id='word_1_196' title='bbox 1383 2347 1673 2429; x_wconf 82' lang='lat' dir='ltr'><strong>quicquid</strong></span> <span class='ocrx_word' id='word_1_197' title='bbox 1692 2347 1817 2411; x_wconf 82' lang='lat' dir='ltr'><strong>fere</strong></span> <span class='ocrx_word' id='word_1_198' title='bbox 1854 2348 1915 2410; x_wconf 85' lang='lat' dir='ltr'><strong>in</strong></span> <span class='ocrx_word' id='word_1_199' title='bbox 1938 2349 2107 2413; x_wconf 83' lang='lat' dir='ltr'><strong>calce</strong></span> <span class='ocrx_word' id='word_1_200' title='bbox 2132 2371 2251 2411; x_wconf 84' lang='lat' dir='ltr'><strong>non</strong></span> <span class='ocrx_word' id='word_1_201' title='bbox 2288 2351 2553 2415; x_wconf 83' lang='lat' dir='ltr'><strong>habeba-</strong></span> 
     </span>
     <span class='ocr_line' id='line_1_22' title="bbox 357 2446 2555 2532; baseline 0.002 -23"><span class='ocrx_word' id='word_1_202' title='bbox 357 2468 517 2519; x_wconf 80' lang='lat' dir='ltr'><strong>mus,</strong></span> <span class='ocrx_word' id='word_1_203' title='bbox 569 2449 842 2509; x_wconf 84' lang='lat' dir='ltr'><strong>additum</strong></span> <span class='ocrx_word' id='word_1_204' title='bbox 881 2457 992 2518; x_wconf 73' lang='lat' dir='ltr'><strong>est,</strong></span> <span class='ocrx_word' id='word_1_205' title='bbox 1039 2466 1244 2507; x_wconf 82' lang='lat' dir='ltr'><strong>verum</strong></span> <span class='ocrx_word' id='word_1_206' title='bbox 1285 2455 1496 2528; x_wconf 78' lang='lat' dir='ltr'><strong>praeter</strong></span> <span class='ocrx_word' id='word_1_207' title='bbox 1546 2446 1679 2508; x_wconf 73' lang='lat' dir='ltr'><strong>haec</strong></span> <span class='ocrx_word' id='word_1_208' title='bbox 1722 2446 1911 2509; x_wconf 80' lang='lat' dir='ltr'><strong>voluti</strong></span> <span class='ocrx_word' id='word_1_209' title='bbox 1950 2448 2281 2529; x_wconf 75' lang='lat' dir='ltr'><strong>fragmenta</strong></span> <span class='ocrx_word' id='word_1_210' title='bbox 2328 2460 2555 2532; x_wconf 66' lang='lat' dir='ltr'><strong>quarte</strong></span> 
     </span>
     <span class='ocr_line' id='line_1_23' title="bbox 347 2544 2555 2629; baseline 0.003 -22"><span class='ocrx_word' id='word_1_211' title='bbox 347 2545 600 2607; x_wconf 84' lang='lat' dir='ltr'><strong>-Decadi</strong></span> <span class='ocrx_word' id='word_1_212' title='bbox 623 2546 928 2625; x_wconf 79' lang='lat' dir='ltr'><strong>adjuncta.</strong></span> <span class='ocrx_word' id='word_1_213' title='bbox 1017 2544 1264 2626; x_wconf 78' lang='lat' dir='ltr'><strong>Duplex</strong></span> <span class='ocrx_word' id='word_1_214' title='bbox 1305 2546 1590 2625; x_wconf 77' lang='lat' dir='ltr'><strong>epitome,</strong></span> <span class='ocrx_word' id='word_1_215' title='bbox 1628 2564 1881 2626; x_wconf 84' lang='lat' dir='ltr'><strong>quarum</strong></span> <span class='ocrx_word' id='word_1_216' title='bbox 1920 2546 2111 2609; x_wconf 82' lang='lat' dir='ltr'><strong>altera</strong></span> <span class='ocrx_word' id='word_1_217' title='bbox 2152 2568 2260 2629; x_wconf 85' lang='lat' dir='ltr'><strong>per</strong></span> <span class='ocrx_word' id='word_1_218' title='bbox 2294 2550 2555 2629; x_wconf 78' lang='lat' dir='ltr'><strong>singulos</strong></span> 
     </span>
     <span class='ocr_line' id='line_1_24' title="bbox 359 2642 2553 2725; baseline 0.002 -20"><span class='ocrx_word' id='word_1_219' title='bbox 359 2659 562 2705; x_wconf 79' lang='lat'><strong>11111.</strong></span> <span class='ocrx_word' id='word_1_220' title='bbox 589 2642 884 2703; x_wconf 86' lang='lat' dir='ltr'><strong>decadum</strong></span> <span class='ocrx_word' id='word_1_221' title='bbox 917 2642 1100 2703; x_wconf 84' lang='lat' dir='ltr'><strong>libros</strong></span> <span class='ocrx_word' id='word_1_222' title='bbox 1123 2644 1460 2705; x_wconf 74' lang='lat' dir='ltr'><strong>mmmatim</strong></span> <span class='ocrx_word' id='word_1_223' title='bbox 1503 2642 1904 2724; x_wconf 83' lang='lat' dir='ltr'><strong>explicantur,</strong></span> <span class='ocrx_word' id='word_1_224' title='bbox 1930 2646 2157 2725; x_wconf 69' lang='lat' dir='ltr'><strong>quaein</strong></span> <span class='ocrx_word' id='word_1_225' title='bbox 2196 2645 2321 2707; x_wconf 85' lang='lat' dir='ltr'><strong>illis</strong></span> <span class='ocrx_word' id='word_1_226' title='bbox 2360 2648 2553 2709; x_wconf 74' lang='lat' dir='ltr'><strong>conti-</strong></span> 
     </span>
     <span class='ocr_line' id='line_1_25' title="bbox 353 2739 2551 2821; baseline 0.001 -18"><span class='ocrx_word' id='word_1_227' title='bbox 353 2742 684 2809; x_wconf 60' lang='lat' dir='ltr'><strong>nebantur-3</strong></span> <span class='ocrx_word' id='word_1_228' title='bbox 729 2739 918 2801; x_wconf 84' lang='lat' dir='ltr'><strong>altera</strong></span> <span class='ocrx_word' id='word_1_229' title='bbox 949 2748 1042 2801; x_wconf 83' lang='lat' dir='ltr'><strong>est</strong></span> <span class='ocrx_word' id='word_1_230' title='bbox 1080 2740 1156 2801; x_wconf 89' lang='lat' dir='ltr'><strong>L.</strong></span> <span class='ocrx_word' id='word_1_231' title='bbox 1188 2740 1356 2801; x_wconf 85' lang='lat' dir='ltr'><strong>Flori</strong></span> <span class='ocrx_word' id='word_1_232' title='bbox 1389 2741 1496 2821; x_wconf 88' lang='lat' dir='ltr'><strong>qui</strong></span> <span class='ocrx_word' id='word_1_233' title='bbox 1536 2760 1771 2801; x_wconf 88' lang='lat' dir='ltr'><strong>omnem</strong></span> <span class='ocrx_word' id='word_1_234' title='bbox 1814 2742 2119 2803; x_wconf 74' lang='lat' dir='ltr'><strong>historiam</strong></span> <span class='ocrx_word' id='word_1_235' title='bbox 2168 2764 2244 2805; x_wconf 85' lang='lat' dir='ltr'><strong>ex</strong></span> <span class='ocrx_word' id='word_1_236' title='bbox 2270 2743 2345 2807; x_wconf 89' lang='lat' dir='ltr'><strong>T.</strong></span> <span class='ocrx_word' id='word_1_237' title='bbox 2376 2744 2551 2807; x_wconf 84' lang='lat' dir='ltr'><strong>Livio</strong></span> 
     </span>
     <span class='ocr_line' id='line_1_26' title="bbox 353 2834 2552 2918; baseline 0.001 -19"><span class='ocrx_word' id='word_1_238' title='bbox 353 2837 676 2918; x_wconf 79' lang='lat' dir='ltr'><strong>excerpsit.</strong></span> <span class='ocrx_word' id='word_1_239' title='bbox 759 2834 1012 2915; x_wconf 78' lang='lat' dir='ltr'><strong>Polybii</strong></span> <span class='ocrx_word' id='word_1_240' title='bbox 1035 2835 1148 2896; x_wconf 83' lang='lat' dir='ltr'><strong>lib.</strong></span> <span class='ocrx_word' id='word_1_241' title='bbox 1175 2852 1244 2895; x_wconf 81' lang='lat' dir='ltr'><strong>v.</strong></span> <span class='ocrx_word' id='word_1_242' title='bbox 1281 2836 1358 2897; x_wconf 90' lang='lat' dir='ltr'><strong>de</strong></span> <span class='ocrx_word' id='word_1_243' title='bbox 1384 2838 1561 2897; x_wconf 77' lang='lat' dir='ltr'><strong>rebus</strong></span> <span class='ocrx_word' id='word_1_244' title='bbox 1578 2836 1877 2899; x_wconf 87' lang='lat' dir='ltr'><strong>Romanis</strong></span> <span class='ocrx_word' id='word_1_245' title='bbox 1898 2839 1959 2899; x_wconf 86' lang='lat' dir='ltr'><strong>in</strong></span> <span class='ocrx_word' id='word_1_246' title='bbox 1988 2839 2267 2901; x_wconf 82' lang='lat' dir='ltr'><strong>Latinum</strong></span> <span class='ocrx_word' id='word_1_247' title='bbox 2294 2841 2552 2905; x_wconf 74' lang='lat' dir='ltr'><strong>traducti</strong></span> 
     </span>
     <span class='ocr_line' id='line_1_27' title="bbox 349 2932 2550 3011; baseline 0.001 -14"><span class='ocrx_word' id='word_1_248' title='bbox 349 2956 394 2997; x_wconf 85' lang='lat' dir='ltr'><strong>a</strong></span> <span class='ocrx_word' id='word_1_249' title='bbox 423 2933 694 2997; x_wconf 79' lang='lat' dir='ltr'><strong>Nicolao</strong></span> <span class='ocrx_word' id='word_1_250' title='bbox 717 2932 972 3002; x_wconf 80' lang='lat' dir='ltr'><strong>Peroto,</strong></span> <span class='ocrx_word' id='word_1_251' title='bbox 1011 2951 1162 3011; x_wconf 87' lang='lat' dir='ltr'><strong>quos</strong></span> <span class='ocrx_word' id='word_1_252' title='bbox 1186 2933 1244 2991; x_wconf 87' lang='lat' dir='ltr'><strong>in</strong></span> <span class='ocrx_word' id='word_1_253' title='bbox 1287 2932 1486 2994; x_wconf 87' lang='lat' dir='ltr'><strong>locum</strong></span> <span class='ocrx_word' id='word_1_254' title='bbox 1525 2932 1801 2993; x_wconf 80' lang='lat' dir='ltr'><strong>secundoe</strong></span> <span class='ocrx_word' id='word_1_255' title='bbox 1834 2933 2101 3008; x_wconf 75' lang='lat' dir='ltr'><strong>Decadae</strong></span> <span class='ocrx_word' id='word_1_256' title='bbox 2122 2939 2550 3011; x_wconf 76' lang='lat' dir='ltr'><strong>substituimus,</strong></span> 
     </span>
     <span class='ocr_line' id='line_1_28' title="bbox 347 3027 2551 3114; baseline 0.002 -22"><span class='ocrx_word' id='word_1_257' title='bbox 347 3036 510 3114; x_wconf 74' lang='lat' dir='ltr'><strong>quia.</strong></span> <span class='ocrx_word' id='word_1_258' title='bbox 525 3028 718 3091; x_wconf 82' lang='lat' dir='ltr'><strong>multa</strong></span> <span class='ocrx_word' id='word_1_259' title='bbox 745 3030 808 3089; x_wconf 89' lang='lat' dir='ltr'><strong>in</strong></span> <span class='ocrx_word' id='word_1_260' title='bbox 843 3028 962 3087; x_wconf 82' lang='lat' dir='ltr'><strong>iilis</strong></span> <span class='ocrx_word' id='word_1_261' title='bbox 997 3027 1294 3107; x_wconf 79' lang='lat' dir='ltr'><strong>leguntur,</strong></span> <span class='ocrx_word' id='word_1_262' title='bbox 1337 3049 1474 3109; x_wconf 77' lang='lat' dir='ltr'><strong>quae</strong></span> <span class='ocrx_word' id='word_1_263' title='bbox 1505 3029 1767 3091; x_wconf 81' lang='lat' dir='ltr'><strong>secunda</strong></span> <span class='ocrx_word' id='word_1_264' title='bbox 1808 3029 2035 3093; x_wconf 83' lang='lat' dir='ltr'><strong>decade</strong></span> <span class='ocrx_word' id='word_1_265' title='bbox 2080 3034 2551 3099; x_wconf 71' lang='lat' dir='ltr'><strong>continebantur.</strong></span> 
     </span>
     <span class='ocr_line' id='line_1_29' title="bbox 346 3116 2553 3208; baseline 0.003 -20"><span class='ocrx_word' id='word_1_266' title='bbox 346 3116 570 3189; x_wconf 60' lang='lat' dir='ltr'><strong>Index&#39;</strong></span> <span class='ocrx_word' id='word_1_267' title='bbox 585 3126 1020 3208; x_wconf 82' lang='lat' dir='ltr'><strong>copiosissimus</strong></span> <span class='ocrx_word' id='word_1_268' title='bbox 1036 3146 1230 3187; x_wconf 84' lang='lat' dir='ltr'><strong>rerum</strong></span> <span class='ocrx_word' id='word_1_269' title='bbox 1255 3127 1444 3205; x_wconf 82' lang='lat' dir='ltr'><strong>magis</strong></span> <span class='ocrx_word' id='word_1_270' title='bbox 1468 3127 1963 3189; x_wconf 75' lang='lat' dir='ltr'><strong>memorabilium.</strong></span> <span class='ocrx_word' id='word_1_271' title='bbox 2021 3129 2297 3192; x_wconf 79' lang='lat' dir='ltr'><strong>Venetiis</strong></span> <span class='ocrx_word' id='word_1_272' title='bbox 2320 3132 2379 3193; x_wconf 87' lang='lat' dir='ltr'><strong>in</strong></span> <span class='ocrx_word' id='word_1_273' title='bbox 2406 3132 2553 3193; x_wconf 75' lang='lat' dir='ltr'><strong>aedi·</strong></span> 
     </span>
     <span class='ocr_line' id='line_1_30' title="bbox 351 3222 2552 3307; baseline 0.004 -22"><span class='ocrx_word' id='word_1_274' title='bbox 351 3226 470 3285; x_wconf 85' lang='lat' dir='ltr'><strong>bns</strong></span> <span class='ocrx_word' id='word_1_275' title='bbox 494 3222 736 3285; x_wconf 81' lang='lat' dir='ltr'><strong>Aldi&#39;et</strong></span> <span class='ocrx_word' id='word_1_276' title='bbox 760 3223 1024 3287; x_wconf 65' lang='lat' dir='ltr'><strong>Andreae</strong></span> <span class='ocrx_word' id='word_1_277' title='bbox 1067 3223 1292 3285; x_wconf 79' lang='lat' dir='ltr'><strong>Soceri.</strong></span> <span class='ocrx_word' id='word_1_278' title='bbox 1321 3224 1971 3287; x_wconf 72' lang='lat' dir='ltr'><strong>un111.--Praefatio</strong></span> <span class='ocrx_word' id='word_1_279' title='bbox 2008 3227 2185 3307; x_wconf 85' lang='lat' dir='ltr'><strong>hujus</strong></span> <span class='ocrx_word' id='word_1_280' title='bbox 2222 3228 2321 3289; x_wconf 88' lang='lat' dir='ltr'><strong>ed.</strong></span> <span class='ocrx_word' id='word_1_281' title='bbox 2366 3230 2552 3293; x_wconf 77' lang='lat' dir='ltr'><strong>habet</strong></span> 
     </span>
     <span class='ocr_line' id='line_1_31' title="bbox 349 3320 2547 3408; baseline 0.003 -26"><span class='ocrx_word' id='word_1_282' title='bbox 349 3322 530 3403; x_wconf 85' lang='lat' dir='ltr'><strong>plura</strong></span> <span class='ocrx_word' id='word_1_283' title='bbox 563 3320 642 3383; x_wconf 80' lang='lat' dir='ltr'><strong>ad</strong></span> <span class='ocrx_word' id='word_1_284' title='bbox 675 3324 1165 3405; x_wconf 72' lang='lat' dir='ltr'><strong>typographicam</strong></span> <span class='ocrx_word' id='word_1_285' title='bbox 1195 3322 1436 3383; x_wconf 84' lang='lat' dir='ltr'><strong>illorum</strong></span> <span class='ocrx_word' id='word_1_286' title='bbox 1477 3330 1807 3403; x_wconf 86' lang='lat' dir='ltr'><strong>temporum</strong></span> <span class='ocrx_word' id='word_1_287' title='bbox 1848 3324 2134 3387; x_wconf 70' lang='lat' dir='ltr'><strong>rationem</strong></span> <span class='ocrx_word' id='word_1_288' title='bbox 2172 3328 2547 3408; x_wconf 81' lang='lat' dir='ltr'><strong>pertinentia,</strong></span> 
     </span>
     <span class='ocr_line' id='line_1_32' title="bbox 349 3419 2551 3533; baseline 0.003 -52"><span class='ocrx_word' id='word_1_289' title='bbox 349 3430 428 3481; x_wconf 75' lang='lat' dir='ltr'><strong>ut</strong></span> <span class='ocrx_word' id='word_1_290' title='bbox 447 3428 758 3533; x_wconf 81' lang='lat' dir='ltr'><strong>propterea</strong></span> <span class='ocrx_word' id='word_1_291' title='bbox 802 3419 960 3484; x_wconf 87' lang='lat' dir='ltr'><strong>lectu</strong></span> <span class='ocrx_word' id='word_1_292' title='bbox 993 3420 1178 3500; x_wconf 77' lang='lat' dir='ltr'><strong>digna</strong></span> <span class='ocrx_word' id='word_1_293' title='bbox 1209 3421 1310 3491; x_wconf 84' lang='lat' dir='ltr'><strong>sit,</strong></span> <span class='ocrx_word' id='word_1_294' title='bbox 1353 3419 1619 3501; x_wconf 74' lang='lat' dir='ltr'><strong>inprimis</strong></span> <span class='ocrx_word' id='word_1_295' title='bbox 1662 3422 1933 3501; x_wconf 80' lang='lat' dir='ltr'><strong>querelas</strong></span> <span class='ocrx_word' id='word_1_296' title='bbox 1969 3422 2049 3483; x_wconf 85' lang='lat' dir='ltr'><strong>de</strong></span> <span class='ocrx_word' id='word_1_297' title='bbox 2089 3421 2131 3483; x_wconf 81' lang='lat' dir='ltr'>J</span> <span class='ocrx_word' id='word_1_298' title='bbox 2136 3424 2315 3497; x_wconf 75' lang='lat' dir='ltr'><strong>untia</strong></span> <span class='ocrx_word' id='word_1_299' title='bbox 2342 3426 2447 3506; x_wconf 89' lang='lat' dir='ltr'><strong>qui</strong></span> <span class='ocrx_word' id='word_1_300' title='bbox 2486 3436 2551 3488; x_wconf 86' lang='lat' dir='ltr'><strong>et</strong></span> 
     </span>
     <span class='ocr_line' id='line_1_33' title="bbox 349 3516 1376 3600; baseline -0.001 -22"><span class='ocrx_word' id='word_1_301' title='bbox 349 3518 468 3600; x_wconf 78' lang='lat' dir='ltr'><strong>ipsi</strong></span> <span class='ocrx_word' id='word_1_302' title='bbox 493 3516 730 3579; x_wconf 84' lang='lat' dir='ltr'><strong>edidere</strong></span> <span class='ocrx_word' id='word_1_303' title='bbox 757 3516 992 3579; x_wconf 84' lang='lat' dir='ltr'><strong>Livium</strong></span> <span class='ocrx_word' id='word_1_304' title='bbox 1017 3538 1094 3579; x_wconf 86' lang='lat' dir='ltr'><strong>ex</strong></span> <span class='ocrx_word' id='word_1_305' title='bbox 1125 3517 1376 3579; x_wconf 86' lang='lat' dir='ltr'><strong>Aldina.</strong></span> 
     </span>
    </p>

    <p class='ocr_par' dir='ltr' id='par_1_5' title="bbox 347 3615 2546 4183">
     <span class='ocr_line' id='line_1_34' title="bbox 439 3615 2543 3700; baseline 0.002 -23"><span class='ocrx_word' id='word_1_306' title='bbox 439 3622 596 3677; x_wconf 75' lang='grc'><strong>1522</strong></span> <span class='ocrx_word' id='word_1_307' title='bbox 621 3624 686 3675; x_wconf 86' lang='lat' dir='ltr'><strong>et</strong></span> <span class='ocrx_word' id='word_1_308' title='bbox 707 3621 866 3677; x_wconf 89' lang='grc'><strong>1533</strong></span> <span class='ocrx_word' id='word_1_309' title='bbox 904 3616 1193 3677; x_wconf 79' lang='lat' dir='ltr'><strong>Juntina:</strong></span> <span class='ocrx_word' id='word_1_310' title='bbox 1237 3615 1502 3679; x_wconf 82' lang='lat' dir='ltr'><strong>Floreat.</strong></span> <span class='ocrx_word' id='word_1_311' title='bbox 1533 3626 1595 3679; x_wconf 91' lang='lat'><strong>8.</strong></span> <span class='ocrx_word' id='word_1_312' title='bbox 1622 3616 2543 3700; x_wconf 70' lang='lat' dir='ltr'><strong>ap.haeredesPh1hpp11uuta=</strong></span> 
     </span>
     <span class='ocr_line' id='line_1_35' title="bbox 349 3711 2543 3795; baseline 0.003 -22"><span class='ocrx_word' id='word_1_313' title='bbox 349 3711 625 3773; x_wconf 79' lang='lat' dir='ltr'><strong>-Hanc</strong></span> <span class='ocrx_word' id='word_1_314' title='bbox 651 3712 750 3774; x_wconf 86' lang='lat' dir='ltr'><strong>ed.</strong></span> <span class='ocrx_word' id='word_1_315' title='bbox 779 3712 992 3774; x_wconf 79' lang='lat' dir='ltr'><strong>habuit</strong></span> <span class='ocrx_word' id='word_1_316' title='bbox 1029 3722 1094 3774; x_wconf 82' lang='lat' dir='ltr'><strong>et</strong></span> <span class='ocrx_word' id='word_1_317' title='bbox 1125 3713 1424 3774; x_wconf 81' lang='lat' dir='ltr'><strong>consuluit</strong></span> <span class='ocrx_word' id='word_1_318' title='bbox 1445 3713 1508 3774; x_wconf 78' lang='lat' dir='ltr'><strong>J.</strong></span> <span class='ocrx_word' id='word_1_319' title='bbox 1542 3714 1643 3775; x_wconf 79' lang='lat' dir='ltr'><strong>Fr.</strong></span> <span class='ocrx_word' id='word_1_320' title='bbox 1678 3713 2045 3787; x_wconf 73' lang='lat' dir='ltr'><strong>Gronovius,</strong></span> <span class='ocrx_word' id='word_1_321' title='bbox 2073 3715 2177 3795; x_wconf 86' lang='lat' dir='ltr'><strong>qui</strong></span> <span class='ocrx_word' id='word_1_322' title='bbox 2218 3717 2279 3777; x_wconf 88' lang='lat' dir='ltr'><strong>in</strong></span> <span class='ocrx_word' id='word_1_323' title='bbox 2307 3716 2543 3793; x_wconf 68' lang='lat' dir='ltr'><strong>Praefa-</strong></span> 
     </span>
     <span class='ocr_line' id='line_1_36' title="bbox 351 3809 2542 3891; baseline 0.001 -20"><span class='ocrx_word' id='word_1_324' title='bbox 351 3812 514 3871; x_wconf 73' lang='lat' dir='ltr'><strong>tione</strong></span> <span class='ocrx_word' id='word_1_325' title='bbox 553 3816 822 3881; x_wconf 62' lang='lat' dir='ltr'><strong>vastat-u,</strong></span> <span class='ocrx_word' id='word_1_326' title='bbox 863 3830 998 3871; x_wconf 85' lang='lat' dir='ltr'><strong>eam</strong></span> <span class='ocrx_word' id='word_1_327' title='bbox 1035 3832 1140 3891; x_wconf 86' lang='lat' dir='ltr'><strong>per</strong></span> <span class='ocrx_word' id='word_1_328' title='bbox 1166 3809 1400 3871; x_wconf 85' lang='lat' dir='ltr'><strong>Aldina</strong></span> <span class='ocrx_word' id='word_1_329' title='bbox 1423 3810 1677 3891; x_wconf 74' lang='lat' dir='ltr'><strong>vestigia</strong></span> <span class='ocrx_word' id='word_1_330' title='bbox 1700 3812 2025 3885; x_wconf 59' lang='lat' dir='ltr'><strong>ineamus,</strong></span> <span class='ocrx_word' id='word_1_331' title='bbox 2069 3815 2328 3875; x_wconf 78' lang='lat' dir='ltr'><strong>carmine</strong></span> <span class='ocrx_word' id='word_1_332' title='bbox 2358 3815 2542 3875; x_wconf 76' lang='lat' dir='ltr'><strong>etiam</strong></span> 
     </span>
     <span class='ocr_line' id='line_1_37' title="bbox 347 3904 2543 3999; baseline 0.002 -32"><span class='ocrx_word' id='word_1_333' title='bbox 347 3906 412 3967; x_wconf 78' lang='lat' dir='ltr'><strong>ia</strong></span> <span class='ocrx_word' id='word_1_334' title='bbox 435 3904 674 3967; x_wconf 82' lang='lat' dir='ltr'><strong>laudem</strong></span> <span class='ocrx_word' id='word_1_335' title='bbox 699 3906 958 3967; x_wconf 86' lang='lat' dir='ltr'><strong>Asulaui</strong></span> <span class='ocrx_word' id='word_1_336' title='bbox 983 3907 1318 3989; x_wconf 77' lang='lat' dir='ltr'><strong>proeposito.</strong></span> <span class='ocrx_word' id='word_1_337' title='bbox 1347 3906 1625 3969; x_wconf 85' lang='lat' dir='ltr'><strong>Eandem</strong></span> <span class='ocrx_word' id='word_1_338' title='bbox 1650 3909 1945 3999; x_wconf 64' lang='lat' dir='ltr'><strong>recensuit</strong></span> <span class='ocrx_word' id='word_1_339' title='bbox 1966 3910 2151 3971; x_wconf 85' lang='lat' dir='ltr'><strong>etiam</strong></span> <span class='ocrx_word' id='word_1_340' title='bbox 2178 3910 2543 3972; x_wconf 81' lang='lat' dir='ltr'><strong>Maittairius</strong></span> 
     </span>
     <span class='ocr_line' id='line_1_38' title="bbox 349 4001 2546 4087; baseline 0.002 -24"><span class='ocrx_word' id='word_1_341' title='bbox 349 4004 413 4063; x_wconf 88' lang='lat' dir='ltr'><strong>in</strong></span> <span class='ocrx_word' id='word_1_342' title='bbox 439 4001 670 4065; x_wconf 80' lang='lat' dir='ltr'><strong>Annal.</strong></span> <span class='ocrx_word' id='word_1_343' title='bbox 710 4001 976 4085; x_wconf 75' lang='lat' dir='ltr'><strong>Typogr.</strong></span> <span class='ocrx_word' id='word_1_344' title='bbox 1012 4010 1158 4066; x_wconf 76' lang='lat' dir='ltr'><strong>tom.</strong></span> <span class='ocrx_word' id='word_1_345' title='bbox 1188 4021 1252 4065; x_wconf 86' lang='lat' dir='ltr'><strong>v.</strong></span> <span class='ocrx_word' id='word_1_346' title='bbox 1289 4014 1444 4085; x_wconf 85' lang='lat' dir='ltr'><strong>part.</strong></span> <span class='ocrx_word' id='word_1_347' title='bbox 1475 4021 1555 4066; x_wconf 87' lang='lat'><strong>11.</strong></span> <span class='ocrx_word' id='word_1_348' title='bbox 1600 4025 1739 4087; x_wconf 75' lang='lat' dir='ltr'><strong>pag.</strong></span> <span class='ocrx_word' id='word_1_349' title='bbox 1778 4011 1879 4065; x_wconf 87' lang='grc'><strong>22.</strong></span> <span class='ocrx_word' id='word_1_350' title='bbox 1922 4008 2027 4087; x_wconf 90' lang='lat' dir='ltr'><strong>qui</strong></span> <span class='ocrx_word' id='word_1_351' title='bbox 2050 4006 2253 4079; x_wconf 81' lang='lat' dir='ltr'><strong>docet,</strong></span> <span class='ocrx_word' id='word_1_352' title='bbox 2298 4006 2546 4085; x_wconf 77' lang='lat' dir='ltr'><strong>singulis</strong></span> 
     </span>
     <span class='ocr_line' id='line_1_39' title="bbox 349 4099 2543 4183; baseline 0.002 -22"><span class='ocrx_word' id='word_1_353' title='bbox 349 4100 546 4175; x_wconf 68' lang='lat' dir='ltr'><strong>tomis,</strong></span> <span class='ocrx_word' id='word_1_354' title='bbox 597 4099 880 4163; x_wconf 70' lang='lat' dir='ltr'><strong>Decedas</strong></span> <span class='ocrx_word' id='word_1_355' title='bbox 911 4117 960 4163; x_wconf 90' lang='lat'><strong>1.</strong></span> <span class='ocrx_word' id='word_1_356' title='bbox 991 4118 1104 4163; x_wconf 87' lang='grc' dir='ltr'><strong>ιιι.</strong></span> <span class='ocrx_word' id='word_1_357' title='bbox 1141 4110 1206 4162; x_wconf 80' lang='lat' dir='ltr'><strong>et</strong></span> <span class='ocrx_word' id='word_1_358' title='bbox 1242 4117 1336 4162; x_wconf 82' lang='lat' dir='ltr'><strong>lv.</strong></span> <span class='ocrx_word' id='word_1_359' title='bbox 1363 4102 1825 4174; x_wconf 80' lang='lat' dir='ltr'><strong>continentibus,</strong></span> <span class='ocrx_word' id='word_1_360' title='bbox 1862 4100 1941 4162; x_wconf 83' lang='lat' dir='ltr'><strong>ad</strong></span> <span class='ocrx_word' id='word_1_361' title='bbox 1980 4104 2211 4164; x_wconf 85' lang='lat' dir='ltr'><strong>calcem</strong></span> <span class='ocrx_word' id='word_1_362' title='bbox 2246 4101 2543 4183; x_wconf 83' lang='lat' dir='ltr'><strong>adjectam</strong></span> 
     </span>
    </p>
   </div>
   <div class='ocr_carea' id='block_1_3' title="bbox 351 4194 2541 4359">
    <p class='ocr_par' dir='ltr' id='par_1_6' title="bbox 351 4194 2541 4359">
     <span class='ocr_line' id='line_1_40' title="bbox 351 4194 2541 4281; baseline 0.003 -24"><span class='ocrx_word' id='word_1_363' title='bbox 351 4216 478 4257; x_wconf 78' lang='lat' dir='ltr'><strong>esse</strong></span> <span class='ocrx_word' id='word_1_364' title='bbox 519 4198 674 4257; x_wconf 79' lang='lat' dir='ltr'><strong>hanc</strong></span> <span class='ocrx_word' id='word_1_365' title='bbox 717 4194 1052 4269; x_wconf 78' lang='lat' dir='ltr'><strong>formulam,</strong></span> <span class='ocrx_word' id='word_1_366' title='bbox 1095 4206 1114 4234; x_wconf 77' lang='lat'><strong>⁴</strong></span> <span class='ocrx_word' id='word_1_367' title='bbox 1147 4198 1463 4261; x_wconf 65' lang='lat' dir='ltr'><strong>Florentia</strong></span> <span class='ocrx_word' id='word_1_368' title='bbox 1528 4220 1635 4281; x_wconf 84' lang='lat' dir='ltr'><strong>per</strong></span> <span class='ocrx_word' id='word_1_369' title='bbox 1694 4198 1956 4261; x_wconf 66' lang='lat' dir='ltr'><strong>haerede·</strong></span> <span class='ocrx_word' id='word_1_370' title='bbox 2014 4198 2287 4280; x_wconf 78' lang='lat' dir='ltr'><strong>Philippi</strong></span> <span class='ocrx_word' id='word_1_371' title='bbox 2337 4199 2379 4259; x_wconf 86' lang='lat' dir='ltr'>J</span> <span class='ocrx_word' id='word_1_372' title='bbox 2382 4210 2541 4263; x_wconf 64' lang='lat' dir='ltr'><strong>unte</strong></span> 
     </span>
     <span class='ocr_line' id='line_1_41' title="bbox 509 4294 2413 4359; baseline 0.003 -14"><span class='ocrx_word' id='word_1_373' title='bbox 509 4294 682 4359; x_wconf 61' lang='lat' dir='ltr'><strong>Delph-</strong></span> <span class='ocrx_word' id='word_1_374' title='bbox 703 4299 752 4346; x_wconf 67' lang='grc' dir='ltr'><strong>τε</strong></span> <span class='ocrx_word' id='word_1_375' title='bbox 782 4295 899 4347; x_wconf 81' lang='lat' dir='ltr'><strong>Vnr.</strong></span> <span class='ocrx_word' id='word_1_376' title='bbox 927 4297 1057 4347; x_wconf 68' lang='lat' dir='ltr'><strong>Clu.</strong></span> <span class='ocrx_word' id='word_1_377' title='bbox 1386 4298 1576 4349; x_wconf 76' lang='lat' dir='ltr'><strong>Livius.</strong></span> <span class='ocrx_word' id='word_1_378' title='bbox 2269 4303 2330 4350; x_wconf 72' lang='lat'><strong>⁸5</strong></span> <span class='ocrx_word' id='word_1_379' title='bbox 2366 4300 2413 4349; x_wconf 82' lang='lat' dir='ltr'>X</span> 
     </span>
    </p>
   </div>
  </div>
 </body>
</html>
