3050 4800
1297 367 1370 417 r.
1419 364 1639 416 mvn.
2328 351 2543 420 12771

341 513 676 594 ηροᾱὶεω,
720 496 1052 594 suspicatur
1105 509 1418 572 anenb.
1465 521 1531 572 et
1582 511 1823 577 Emoet.
1876 515 2129 578 affimat
2176 516 2245 576 in·
2282 513 2547 576 rubrica

347 611 432 673 B.
455 611 528 672 L.
585 610 910 672 Hanckius
923 611 1056 689 jam
1081 619 1261 670 antea
1287 609 1348 670 in
1375 608 1528 668 libro
1548 607 1625 668 de
1654 609 1903 693 Scriptt.
1928 613 2157 676 Rerum
2184 612 2369 674 Rom·
2389 612 2471 673 P:
2494 627 2545 672 1.

341 733 404 775 c.
433 726 532 772 ur.
563 729 624 789 p.
641 715 744 768 59.
764 727 826 768 n.
841 715 905 768 6.
949 706 1340 768 Livinmcum
1367 705 1571 768 Valla!
1592 709 1869 773 emendd.
1900 710 2211 784 Sabellici,
2236 709 2545 780 Rhenani,

343 820 412 872 et
435 807 680 870 Gelenii
699 813 928 869 annott.
951 805 1210 866 Parisiis
1231 823 1330 866 an.
1361 811 1541 866 1552.
1568 806 1851 886 prodiioee
1878 809 2103 870 retulit.

431 913 594 968 1553
635 903 908 983 Lugdun.
947 901 1054 963 fol.
1081 922 1221 964 cnm
1248 900 1456 962 Vallae
1480 903 1755 965 emendd.
1800 905 2113 978 Sabellici,
2143 905 2547 972 Velcnrionis,

348 1001 660 1074 Rhenani,
713 999 976 1070 Gelenii,
1041 999 1334 1060 Glareani
1385 1009 1652 1061 annotat.
1690 1001 1921 1064 Theod.
1974 1003 2221 1065 Mor-elli
2268 1001 2544 1064 emeadd.

345 1101 604 1164 Saxonii
641 1098 902 1160 scholiis.
985 1096 1262 1176 Lugduni
1305 1096 1462 1177 apud
1489 1095 1825 1160 Antonium
1853 1101 2241 1162 Vincentium
2282 1115 2545 1160 unum.

343 1199 426 1260 In
451 1201 586 1279 ejus
609 1197 750 1267 fine,
793 1205 811 1234 ⁸
837 1193 1138 1274 Lugduni,
1157 1194 1502 1255 excudebat
1522 1194 1829 1258 Johaunes
1854 1197 2187 1260 Frellonius
2211 1197 2505 1260 untur?

425 1301 596 1356 15⁶4
635 1290 1072 1372 Lug-d.8.voll.
1102 1307 1198 1351 lv.
1225 1309 1322 1372 ap.
1347 1289 1490 1352 Seb.
1521 1291 1884 1374 Gryphium.
1932 1293 2119 1358 Hanc
2140 1295 2239 1358 ed.
2258 1301 2548 1356 memorat

339 1394 530 1454 etiam
583 1391 874 1452 Maittair.
927 1397 1073 1450 tom.
1128 1406 1193 1449 v.
1229 1387 1464 1450 Annal.
1507 1386 1775 1470 Typogr.
1832 1403 1983 1472 part.
2018 1409 2097 1454 ιι.
2152 1413 2291 1475 pag.
2316 1397 2419 1452 22.
2464 1410 2545 1450 ex

341 1511 490 1572 quo,
519 1499 588 1551 ut
612 1497 678 1550 et
699 1509 779 1549 ex
825 1485 990 1548 Bibl.
1037 1484 1234 1546 Henr.
1283 1483 1488 1547 Hadr.
1536 1507 1655 1549 van
1694 1489 1805 1550 der
1858 1489 2065 1562 Mark,
2107 1489 2433 1569 Toparchoe
2480 1488 2545 1548 in

346 1589 529 1659 Lenr,
553 1597 709 1668 part.
741 1601 817 1646 11.
841 1604 902 1665 p.
929 1590 1031 1644 50.
1057 1591 1312 1654 constat,
1339 1602 1498 1643 anno
1523 1587 1799 1665 sequenti
1828 1587 2053 1648 ibidem
2078 1607 2154 1648 ex
2184 1586 2393 1648 eadem
2416 1584 2545 1646 offi-

343 1687 507 1755 cina,
533 1685 708 1764 quasi
753 1684 934 1760 hujus
965 1681 1246 1741 editionis
1285 1681 1701 1762 appendicem,
1742 1704 1957 1744 novum
1986 1692 2209 1744 tomum
2233 1683 2547 1765 prodiisse,

339 1783 746 1843 continentem
775 1779 1084 1850 Rhenani,
1102 1778 1368 1850 Gelenii,
1387 1790 1452 1840 ct
1467 1779 1755 1841 Glareani
1772 1783 1829 1842 in
1856 1783 2091 1844 Livium
2116 1781 2547 1842 annotationes.

339 1880 473 1940 Sed
517 1878 830 1939 Fabricius
855 1878 914 1937 in
962 1875 1042 1937 B.
1075 1876 1146 1937 1..
1175 1876 1514 1958 Gryphium
1548 1897 1623 1938 eo
1658 1898 1817 1939 anno
1844 1879 1905 1939 in
1932 1887 1993 1941 8.
2022 1879 2335 1940 excudisse
2368 1877 2550 1940 refert

341 1985 520 2037 notas
555 1975 863 2045 Rhenani,
891 1973 1159 2044 Gelenii,
1189 1971 1502 2045 Sabellici,
1546 1975 1645 2036 Jo.
1676 1975 2084 2048 Velcurionis,
2120 1985 2183 2037 et
2206 1975 2308 2036 Jo.
2346 1975 2545 2036 Saxo-

341 2075 452 2145 nii,
477 2091 618 2134 cum
642 2070 1052 2150 chronologia
1075 2069 1388 2131 Glareani.

427 2203 514 2216 -—-
539 2168 731 2249 Lngd.
759 2175 854 2228 12.
881 2167 1030 2229 voll.
1057 2183 1172 2228 ιιι.
1198 2187 1296 2248 ap.
1325 2167 1473 2228 Seb.
1501 2166 1863 2248 Gryphium.
1910 2169 2071 2230 Haec
2095 2169 2193 2232 ed.
2222 2179 2549 2230 recensetur

247 2253 264 2265 ⁸
353 2267 538 2326 etiam
593 2268 654 2329 in
712 2264 892 2326 modo
959 2263 1210 2324 laudata
1262 2262 1431 2324 Bibl.
1489 2262 1875 2336 Marckiana,
1936 2275 1999 2325 et
2062 2285 2143 2346 ap
2208 2253 2443 2326 Fabi-ic.
2486 2266 2549 2326 in

427 2496 508 2509 ——
553 2461 745 2523 Basil.
801 2476 929 2520 vn.
991 2465 1056 2519 8.
1110 2458 1254 2519 voll.
1301 2474 1393 2519 ιν.
1465 2478 1547 2539 ap
1592 2458 1741 2521 Nic.
1788 2460 2175 2543 Episcopium
2226 2462 2545 2541 juniorem.

347 2559 526 2621 Idem
578 2558 936 2640 Episcopius
969 2574 1127 2616 anno
1167 2570 1424 2617 unnvl.
1467 2556 1609 2619 huic
1654 2558 1752 2618 ed.
1802 2568 2090 2639 tanquam
2134 2558 2548 2641 appendicem,

343 2658 578 2739 adjecit
599 2666 826 2717 tomum
853 2670 919 2713 v.
947 2652 1048 2733 qni
1073 2653 1342 2713 continet
1365 2650 1615 2713 Scholia
1632 2662 1699 2715 et
1718 2654 2185 2736 chronologiam
2212 2656 2466 2737 Sigonii.

421 2788 510 2801 -
531 2753 726 2814 Basil.
752 2767 916 2813 vul.
939 2758 1002 2811 8.
1019 2746 1170 2811 voll.
1193 2766 1274 2809 11.
1303 2766 1400 2830 ap.
1425 2749 1525 2809 Jo.
1550 2750 1966 2831 Hervagium:
2010 2772 2147 2815 cum
2170 2754 2322 2815 notis
2344 2763 2550 2815 etcae-

340 2852 734 2933 tigationibus
755 2848 981 2918 Valles,
1003 2846 1318 2917 Sabellici,
1333 2854 1400 2905 et
1421 2845 1601 2907 Caelii
1612 2847 1875 2909 Secundi
1902 2850 2203 2911 Curionis.
2232 2850 2381 2912 Vid.
2402 2852 2553 2913 edit.

344 2967 404 3012 a.
429 2956 611 3011 1549.
637 2958 703 3009 et
730 2946 1025 3008 Maittair.
1055 2945 1114 3004 in
1143 2941 1376 3003 Annal.
1403 2944 1671 3024 Typogr.
1692 2953 1837 3005 tom.
1862 2961 1927 3005 v.
1952 2954 2107 3025 part.
2132 2962 2211 3006 11.
2239 2967 2303 3028 p.
2324 2954 2427 3006 22.

429 3052 596 3108 1566
640 3044 827 3107 Basil.
863 3060 962 3104 lx.
995 3041 1106 3102 fol.
1141 3060 1248 3122 per
1269 3039 1539 3100 Joannes
1566 3040 1927 3121 Hervagios.
1972 3042 2135 3103 Haec
2160 3043 2257 3103 ed.
2286 3044 2553 3105 continet

341 3147 570 3215 omnia,
595 3164 733 3224 quae
769 3140 884 3201 viri
923 3139 1086 3201 docti
1131 3137 1208 3199 ad
1245 3136 1402 3200 Livii
1439 3138 1917 3217 emendationem
1950 3139 2049 3201 vel
2096 3139 2550 3201 illustrationem

341 3244 462 3305 hoc
495 3252 761 3322 tempore
787 3240 846 3299 in
885 3238 1082 3299 lucem
1109 3236 1462 3307 emiserant3
1505 3236 1593 3297 ita
1620 3246 1845 3311 tamen,
1884 3248 1955 3298 ut
1980 3236 2209 3311 Valle,
2238 3229 2550 3311 Sabellici,

343 3340 658 3409 Rhenani,
688 3335 954 3407 Gelenii,
993 3344 1058 3395 et
1093 3332 1450 3395 Theudorici
1481 3334 1727 3397 Metelli
1768 3338 1829 3397 in
1862 3335 2099 3397 Livium
2134 3336 2553 3416 castigationes

343 3440 408 3499 in
435 3439 580 3519 ipsis
606 3434 1086 3497 annotationibus
1103 3431 1392 3493 Glareani
1407 3432 1528 3491 suis
1550 3432 1701 3493 locis
1721 3436 1953 3495 inserta}
1972 3435 2111 3505 sint,
2138 3444 2321 3515 atque
2336 3434 2551 3507 editor,

343 3556 412 3597 se
439 3535 606 3606 illas„
627 3552 776 3614 quas
817 3530 1022 3591 futiles
1060 3538 1124 3591 et
1147 3529 1370 3589 nullius
1411 3530 1693 3590 momenti
1717 3531 2047 3610 judicarat,
2098 3529 2235 3590 inde
2279 3533 2551 3611 rejecisse

345 3640 600 3693 testatus
619 3631 819 3701 fuerit,
841 3648 916 3689 ne
937 3628 1136 3689 inutili
1163 3627 1368 3687 labore
1397 3627 1673 3687 lectorem
1702 3639 2063 3706 gravaretur.

427 3768 502 3787 ...-
546 3728 802 3799 Aldina,
829 3726 1064 3806 Sigonii
1093 3742 1142 3787 1.
1163 3724 1269 3785 fol.
1310 3744 1410 3805 ap.
1439 3723 1731 3786 Paullum
1763 3726 2129 3797 Manutium,
2162 3724 2315 3787 Aldi
2340 3726 2554 3789 filium.

347 3826 516 3889 Hac
539 3826 725 3886 editio
752 3825 946 3906 prima
986 3823 1234 3884 exhibet
1271 3823 1510 3902 egregia
1536 3822 1743 3883 Caroli
1776 3822 2007 3903 Sigonii
2047 3823 2295 3895 scholia,
2335 3826 2553 3905 quibus

349 3924 508 3987 Livii
535 3924 794 3985 historioe
833 3932 898 3983 et
939 3940 1144 3981 earum
1181 3921 1460 4003 epitomae
1502 3922 1717 4002 partim
1754 3921 2163 3993 emendantur,
2200 3924 2415 4003 partim
2442 3940 2550 3980 ex-

347 4022 673 4105 planantur
701 4039 720 4083 :
759 4024 830 4080 ut
847 4028 912 4080 et
935 4018 1202 4099 ejusdem
1228 4016 1460 4097 Sigonii
1496 4019 1559 4078 in
1582 4019 1821 4079 eosdem
1850 4018 2035 4081 libros
2070 4017 2550 4095 chronologiam,

351 4120 736 4203 ipsorummet
756 4124 1062 4177 auctorum
1095 4114 1294 4176 verbis
1327 4112 1755 4175 confirmatam.
1841 4116 2083 4178 Erravit
2108 4116 2309 4194 itaque
2353 4114 2553 4176 Hear-

351 4220 509 4290 nius,
534 4216 640 4297 qui
681 4213 922 4277 scholiis
963 4212 1194 4293 Sigonii
1236 4211 1701 4291 chronologiam
1738 4212 2025 4275 Glareani
2044 4214 2319 4293 junctam
2348 4214 2407 4273 in
2438 4214 2554 4274 hac
