3050 4800
457 305 676 372 12752
1095 317 1486 368 nacnusus
1540 317 1973 368 ammonuit

457 467 815 524 memoratur
845 459 1250 522 Bernardinus
1279 459 1639 522 Heraemius
1654 459 2146 521 Novocomensis.
2230 457 2473 520 Habuit
2496 461 2653 522 hane

459 559 558 620 ed.
602 579 836 638 quoque
883 558 1032 618 Chr.
1061 557 1258 618 Gottl.
1303 556 1697 628 Schwarzius,
1747 558 1895 618 teste
1942 557 2135 618 indice
2186 557 2465 618 librorum
2508 577 2649 618 saec.

461 671 580 724 xv.
609 657 1038 737 impressorum,
1065 675 1214 734 quos
1240 654 1500 734 possidet
1524 654 1641 714 ch.
1674 653 1757 714 G.
1784 653 1985 714 Sohw.
2011 656 2399 716 concinnatus
2422 675 2461 716 a
2478 655 2541 715 J.
2572 655 2649 716 C.

461 749 554 814 H.
584 760 648 814 et
671 752 734 814 J.
765 752 847 813 P.
876 751 962 812 R.
989 750 1056 812 N
1061 751 1272 812 orimb.
1301 757 1484 814 1727.
1569 751 1745 812 Part.
1778 769 1855 812 11.
1888 773 2024 833 pag.
2056 759 2156 814 38.
2618 789 2633 804 .

541 855 702 911 1492
743 847 1007 920 Veneta,
1032 847 1140 912 fol.
1228 845 1390 907 Haeo
1415 847 1565 907 edit.
1590 868 1670 908 ex
1700 849 1867 910 Bibl.
1894 848 2053 910 Adr.
2083 849 2281 909 Pauw
2318 853 2654 912 recensetur

459 945 620 1027 apud
667 945 964 1009 Maittair.
985 1001 991 1006 .
1009 947 1065 1006 in
1115 945 1346 1006 Annal.
1373 945 1635 1026 Typogr.
1665 955 1809 1007 tom.
1842 963 1891 1008 1.
1921 967 1983 1027 p.
2010 953 2153 1007 314.
2181 955 2245 1008 et
2266 956 2413 1008 tom.
2441 963 2537 1010 lv.
2586 968 2651 1029 p.

460 1049 608 1106 545.
687 1043 958 1125 Suspicio
1007 1054 1208 1114 tamen
1257 1052 1368 1115 est,
1417 1044 1570 1104 hanc
1622 1053 1683 1104 et
1729 1044 2161 1125 praeeedentem
2207 1043 2457 1104 eandem
2500 1063 2651 1116 esse,

461 1159 781 1220 earumque
815 1140 1090 1213 alteram,
1120 1149 1182 1202 et
1208 1139 1448 1220 quidem
1473 1142 1630 1202 hano
1670 1161 1748 1201 ex
1788 1141 1918 1201 nolo
1960 1161 2267 1222 operarum
2313 1161 2507 1204 errore
2548 1161 2655 1202 na-

457 1245 582 1297 tam
611 1257 762 1297 esse.

545 1340 702 1396 1493
743 1333 983 1395 Veneta
1009 1349 1120 1394 111.
1191 1333 1300 1394 fol.
1350 1353 1454 1415 per
1502 1333 1861 1394 Matthae'um
1916 1335 2193 1416 Capeasa
2246 1336 2655 1398 Pal-mensem.

459 1431 762 1494 Memorat
798 1434 954 1494 hane
991 1433 1138 1494 edit.
1183 1431 1566 1494 Maittairius‘
1591 1435 1652 1493 in
1678 1432 1907 1495 Annal.
1935 1432 2092 1514 Typ.
2122 1443 2263 1494 tom.
2294 1451 2360 1494 v.
2392 1443 2543 1516 part.
2576 1451 2657 1494 η.

461 1551 598 1611 pag.
625 1536 728 1590 23.
758 1551 835 1590 ex
867 1529 1122 1591 Orland.
1151 1550 1290 1611 pag.
1317 1537 1459 1592 418.

543 1634 704 1688 1495
749 1627 1080 1688 Mediolan.
1115 1643 1227 1689 111.
1256 1627 1361 1688 fol.
1393 1648 1498 1710 per
1538 1628 1889 1688 Ulderioum
1938 1629 2398 1702 Seinzenzener,
2426 1631 2655 1710 impen-

457 1725 536 1787 sis
564 1723 904 1786 Alexandri
933 1725 1280 1786 Minutiani.
1365 1725 1709 1788 Editionem
1739 1728 1893 1787 hano
1936 1746 2264 1787 memorans
2292 1726 2659 1788 Maittairiua

458 1822 534 1888 iu3
569 1821 793 1883 Annal.
820 1822 1086 1904 Typogr.
1111 1822 1186 1884 T.
1217 1840 1263 1884 1.
1293 1843 1429 1905 pag.
1459 1829 1605 1886 332.
1632 1833 1696 1884 et
1720 1833 1862 1886 tom.
1894 1839 1989 1884 lv,
2018 1845 2155 1904 pag.
2196 1831 2337 1886 590.
2382 1831 2657 1894 testatur,

461 1918 540 1980 ad
565 1917 746 1980 finem
771 1921 902 1999 ejus
920 1921 1054 1981 ‚haic
1075 1922 1261 1982 verba.
1283 1920 1440 2000 legi:
1483 1930 1503 1958 ‘
1526 1921 1835 2003 Impressit
1864 1921 2183 1983 Ulderieus
2218 1920 2658 1991 Scinanzeler,

455 2016 740 2098 impensis
761 2016 1102 2078 Alexandri
1130 2017 1494 2092 Minutiani3
1538 2039 1619 2078 ex
1645 2038 1825 2098 quam
1870 2017 2185 2078 emendato
2230 2018 2581 2100 exemplari,
2608 2019 2657 2078 si

457 2134 596 2174 eum
609 2115 824 2176 ceteris
837 2115 1126 2188 conferes,
1143 2136 1326 2196 quam
1338 2114 1627 2176 facillime
1648 2114 1966 2194 intelliges,
1994 2115 2408 2178 candidissimo
2428 2115 2617 2176 leetor
2637 2141 2657 2190 ;

457 2213 558 2271 eui
599 2213 784 2274 etiam
831 2211 1198 2274 librariorum
1243 2213 1506 2294 culpam,
1527 2223 1817 2293 quantum
1866 2213 2057 2284 licuit,
2104 2212 2259 2274 idem
2301 2213 2661 2276 Alexander

459 2319 736 2389 praestare
761 2321 1014 2371 conatus
1036 2320 1148 2372 est.
1178 2309 1510 2385 Mediolani
1542 2311 1728 2392 pridie
1752 2331 1931 2390 quam
1960 2309 2115 2371 Lud.
2148 2309 2243 2370 M.
2272 2309 2396 2370 SF.
2418 2311 2663 2391 Anglua

459 2407 746 2489 princepe
761 2409 1224 2489 sapientissimus
1259 2409 1436 2487 hujus
1475 2408 1664 2469 incliti
1684 2409 1939 2489 ⁴imperii
1980 2416 2277 2488 sceptrum
2318 2418 2381 2469 et
2416 2409 2661 2471 ducalia

461 2503 720 2583 insignia
743 2525 782 2565 a
813 2504 1236 2565 Maximiliano
1261 2506 1613 2586 imperatore
1641 2526 1747 2586 per
1770 2506 2033 2585 legatum
2074 2508 2389 2588 acciperet.
2472 2508 2663 2569 Anno'

463 2600 676 2661 salutis
704 2616 1254 2661 mccccnxxxxv.
1282 2602 1380 2661 die
1407 2619 1580 2663 xxv.
1611 2602 1785 2663 Maii.
1791 2604 1809 2631 ’

545 2730 628 2744 —-
669 2697 910 2761 Veneta
935 2714 1031 2760 IV.
1063 2697 1268 2760 Pincii
1301 2716 1348 2759 1.
1373 2698 1482 2759 fol.
1507 2720 1648 2761 cum
1668 2698 1811 2778 figg.
1840 2699 2001 2779 ligno
2024 2702 2169 2761 satis
2192 2700 2381 2761 nitide
2404 2702 2661 2765 excusis.

462 2792 536 2855 T.
585 2794 744 2857 livii
789 2796 1086 2861 Deeades.
1171 2795 1567 2858 Proemittitur
1608 2797 1865 2879 epistola
1918 2789 2350 2879 nuncupatoria
2390 2798 2491 2861 Jo.
2520 2796 2657 2861 An-

462 2889 622 2955 dreae
635 2893 908 2975 episcopi
935 2894 1272 2957 Alerienais
1293 2894 1373 2955 ad
1393 2914 1687 2957 summum
1713 2894 1897 2955 Pont.
1928 2895 2195 2956 Paulum
2222 2913 2302 2958 ix.
2328 2896 2658 2969 Venetam,

463 2997 526 3050 et
554 2990 832 3054 Marcum
867 2990 1075 3053 Sancti
1104 2993 1303 3053 Marci
1345 2992 1889 3053 cardinalem—L.
1931 2991 2093 3052 Flori
2122 2992 2427 3073 Epitoma,
2456 2994 2658 3057 Deca-

462 3085 606 3147 dum
648 3087 1094 3167 quatuordeeim
1117 3087 1192 3147 T.
1221 3087 1380 3149 Livii
1407 3088 1699 3149 Patavini
1730 3086 2070 3149 Historici·
2055 3108 2113 3147 ιιι
2144 3106 2297 3149 σιω..
2324 3090 2511 3151 libros
2534 3093 2658 3153 dis-

461 3182 1083 3251 tincta—Accedunt
1116 3182 1210 3245 M.
1243 3184 1497 3247 Antonii
1540 3184 1827 3245 Sabellici
1862 3184 1940 3244 ad
1980 3184 2357 3264 magnificum
2400 3198 2465 3249 et
2506 3208 2659 3269 prai-

461 3288 642 3345 stant.
671 3280 864 3341 virum
881 3280 1278 3341 Benedictum
1302 3280 1679 3351 Commium,
1708 3281 2041 3343 Patricium
2070 3282 2393 3354 Venetum,
2420 3284 2665 3367 Episto-

461 3381 524 3443 la
547 3380 904 3461 praefatoria.
963 3386 1024 3439 2.
1065 3378 1160 3439 M.
1189 3380 1444 3439 Antonii
1465 3376 1761 3441 Sabelliei
1786 3378 2147 3441 brevissimae
2174 3379 2231 3439 in
2260 3380 2497 3441 Livium
2521 3380 2667 3441 An..

463 3478 819 3547 notationem
844 3476 992 3539 loeis
1015 3496 1121 3535 suo
1141 3475 1345 3537 ordine
1372 3484 1478 3535 aut
1501 3478 1563 3535 in
1590 3476 1879 3553 integrum
1906 3476 2211 3547 restitutis,
2230 3486 2337 3536 aut
2360 3478 2419 3537 in
2444 3474 2667 3551 fronte,

465 3596 539 3636 ne
567 3575 712 3655 quid
739 3584 962 3635 temere
987 3573 1406 3644 offenderetur,
1433 3572 1598 3633 brevi
1624 3572 1819 3633 indice
1859 3571 2079 3645 relatis.
2166 3572 2245 3633 In
2290 3571 2447 3635 fine:
2491 3583 2523 3631 ‘.
2535 3575 2663 3637 Titi

465 3673 626 3733 Livii
679 3671 964 3734 Patavini
1019 3671 1300 3733 Deeades
1350 3668 1704 3750 expliciunt.
1814 3668 2088 3730 Venetiin
2136 3690 2241 3749 per
2302 3669 2664 3753 Philippum

464 3774 749 3835 Pinoium
777 3771 1176 3832 Mantuanum
1221 3787 1452 3829 summa
1497 3788 1645 3829 cura
1686 3776 1751 3843 et
1786 3766 2059 3847 diligenti
2094 3766 2297 3829 studio
2340 3770 2659 3850 impressae.

467 3871 657 3933 Anno
681 3869 759 3931 ab
809 3868 1224 3930 Ineamatione
1269 3866 1514 3930 Domini
1566 3880 1955 3927 mcccchV.
1986 3880 2095 3925 111.
2125 3864 2343 3925 Nonas
2388 3864 2661 3931 Novem-

463 3968 602 4029 bris.
689 3964 1034 4047 Imperante
1073 3964 1458 4027 Sereniseimo
1480 3963 1835 4043 Augustino
1875 3962 2237 4034 Barbadioo,
2264 3961 2663 4029 Venetiarum

472 4062 648 4125 Duce
687 4062 1066 4124 foelieissimo.
1070 4062 1088 4091 ³
1169 4061 1515 4145 Registrum
1556 4060 1866 4141 excipiunt
1909 4059 2163 4139 insignia
2204 4062 2663 4143 typographica,

467 4162 681 4242 quibua
705 4170 912 4244 postea
955 4160 1158 4225 Juntae
1188 4162 1278 4225 usi
1325 4170 1481 4236 sunt,
1523 4159 1715 4221 lilium
1754 4158 1885 4221 soil.
1929 4166 1991 4221 et
2029 4156 2213 4219 literae
2250 4158 2320 4221 L.
2355 4158 2449 4221 A.
2502 4158 2657 4221 vid.
